2946 4583
651 456 769 517 152
1340 450 1494 515 ΜΒ.
1539 450 1616 532 v,
1652 450 1746 513 17.

566 638 648 696 60
732 633 898 711 Quid
940 632 1216 716 proderit
1257 631 1493 697 ditasse
1533 632 1830 712 Pelignas
1873 650 2031 695 anus

733 733 1101 798 Velociusve
1143 731 1465 796 miscuisse
1507 728 1823 793 toxicum?

731 831 892 896 Stat:
937 828 1212 894 tardiora
1254 826 1387 893 fata
1427 833 1491 890 te
1533 827 1694 890 votis
1739 832 2009 889 manent.

732 929 991 1010 Ingrata
1033 915 1259 991 misero
1301 927 1429 990 vita
1475 924 1760 989 ducenda
1803 931 1897 988 est
1939 925 2002 988 in
2051 925 2185 1002 hoc,

567 1030 647 1089 64
697 1025 928 1108 'Novis
971 1032 1037 1088 ut
1078 1042 1271 1105 usque
1313 1028 1608 1105 suppetas
1651 1022 1990 1088 laboribus.
2100 1023 2106 1028 ’

731 1122 922 1206 Optat
964 1123 1231 1204 quietem
1273 1119 1522 1203 Pelopis
1563 1120 1739 1184 infidi
1785 1127 1963 1203 pater
2002 1157 2007 1160 -

733 1222 950 1304 Egens
994 1220 1310 1301 benignae
1350 1218 1656 1282 Tantalus
1698 1236 1944 1302 semper
1987 1218 2189 1301 dapiS,

732 1317 923 1401 Optat
961 1317 1375 1383 Prometheus
1417 1314 1551 1379 aliti
1594 1322 1769 1381 actus
1813 1318 2088 1397 amitem,

566 1419 647 1480 68
732 1414 924 1499 Optat
965 1433 1255 1498 supremo
1297 1412 1602 1477 collocare
1639 1413 1952 1497 Sisyphus

730 1514 805 1578 In
848 1519 1056 1577 monte
1098 1531 1345 1576 saxum:
1390 1509 1503 1573 sed
1544 1516 1759 1574 vetant
1801 1514 1975 1595 leges
2015 1512 2213 1577 Jovis.

730 1611 918 1675 Voles
961 1609 1144 1674 modo
1186 1606 1331 1674 altis
1372 1605 1625 1669 desilire
1667 1609 1957 1689 turribus,

570 1711 650 1771 72
734 1708 920 1772 Modo
965 1726 1114 1773 ense
1158 1711 1373 1789 pectus
1414 1704 1641 1769 Norico
1684 1707 2021 1786 recludere,

732 1807 1111 1887 Frustraque
1154 1803 1364 1869 vincla
1406 1803 1645 1883 gutturi
1687 1811 1898 1870 nectes
1940 1810 2047 1869 tuo

732 1903 1089 1976 Fastidiosa
1128 1901 1322 1966 tristis
1370 1899 1781 1982 aegrimonia.

736 2001 1044 2066 Vectabor
1086 1999 1362 2063 humeris
1403 2003 1553 2060 tunc
1593 2017 1713 2079 ego
1757 2000 2023 2065 inimicis
2066 2018 2275 2081 eques,

572 2100 653 2161 ’76
735 2098 1035 2180 Meaeque
1073 2104 1245 2181 terra
1285 2093 1465 2159 cedet
1509 2094 1891 2161 insolentiae.

735 2195 859 2273 An,
901 2212 1060 2276 quae
1103 2211 1353 2257 movere
1394 2213 1608 2261 cereas
1651 2196 1982 2276 imagines,

736 2289 820 2356 Ut
859 2293 995 2374 ipse
1036 2290 1198 2355 nosti
1242 2290 1538 2372 curiosus,
1582 2301 1644 2359 et
1686 2297 1826 2377 polo

734 2389 1039 2472 Deripere
1081 2387 1323 2452 Lunam
1366 2390 1624 2455 vocibus
1666 2391 1898 2474 possim
1944 2390 2121 2468 meis,

572 2491 654 2550 80
734 2487 976 2551 Possim
1018 2493 1323 2551 crematos
1366 2491 1641 2552 excitare
1683 2496 1957 2552 mortuos

733 2583 1148 2664 Desiderique
1191 2590 1540 2665 temperare
1583 2586 1826 2668 pocula,

733 2679 977 2744 Plorem
1020 2681 1173 2747 artis
1213 2682 1362 2747 inde
1404 2703 1442 2747 a
1486 2681 1629 2747 Nilo
1673 2683 1921 2747 ovantis
1964 2682 2241 2747 exitum?
2274 2685 2283 2695 ‘

1288 3011 1861 3111 corrigenda·

683 3122 731 3184 1,
766 3121 813 3175 9:
849 3131 962 3190 post
998 3125 1133 3174 alni«
1170 3143 1361 3177 comma
1395 3129 1512 3192 poni
1549 3129 1707 3177 debet.

682 3189 731 3250 6,
769 3188 847 3240 192
883 3196 995 3256 post
1032 3193 1352 3243 «Cantamuw
1389 3211 1580 3243 comma
1616 3198 1689 3244 est
1726 3194 2012 3243 tollendum.

682 3255 714 3308 7
883 3263 1227 3320 argumentum
1298 3261 1367 3308 sic
1427 3262 1633 3323 refinge:
1688 3261 1811 3310 «Cui
1864 3260 2053 3319 Tiburi,
2105 3260 2157 3308 in
2217 3261 2559 3310 amoenissimo

885 3329 1129 3372 terrarum
1164 3326 1288 3384 loco,
1324 3327 1488 3376 vivere
1521 3327 1684 3385 liceat,
1739 3343 1852 3376 eum
1905 3327 2076 3376 decere
2111 3327 2230 3376 satis
2266 3343 2421 3390 aequo
2458 3328 2560 3375 ani-

884 3391 1218 3468 moomeliora,
1273 3408 1395 3456 quae
1446 3393 1577 3442 haud
1629 3393 1773 3442 dubie
1817 3398 2026 3444 ventura
2059 3393 2175 3451 sint,
2213 3398 2439 3458 tempora
2474 3409 2559 3456 op-

884 3471 1079 3519 pcrln«.
1349 3498 1351 3501 .

573 3523 615 3580 Ι,
683 3516 882 3579 36,«13;
917 3522 1010 3584 leg.
1048 3525 1324 3574 «mulctata.
1626 3558 1629 3561 -
1802 3554 1805 3557 ¹

572 3589 644 3645 ΙΙ,
696 3583 778 3645 20,
830 3583 879 3636 7:
915 3592 1026 3651 post
1062 3591 1372 3639 «Maecensw
1410 3606 1602 3640 comma
1636 3592 1968 3641 inserendum.

573 3655 671 3711 III,
721 3649 770 3710 5,
799 3648 880 3702 37:
915 3669 1005 3716 pro
1043 3655 1270 3705 «Certam
1305 3656 1460 3704 unde«
1497 3657 1590 3719 leg.
1628 3661 1879 3715 «Pactum,
1915 3658 2087 3706 unde«.

572 3716 769 3777 111,10,
789 3716 938 3797 1—-23
954 3720 1049 3783 leg.
1086 3723 1401 3771 «Extremum
1436 3724 1625 3772 Tanain
1659 3726 1701 3773 si
1735 3724 1942 3783 biberas,
1978 3725 2123 3788 Lyce,
2151 3725 2304 3774 Saevo
2332 3726 2558 3786 prompta

893 3801 1044 3835 vlro«.

574 3852 671 3909 ΙΙΙ,
708 3847 788 3908 16,
825 3847 905 3901 19:
942 3867 1032 3915 pro
1068 3854 1357 3903 «verticem«
1392 3855 1488 3916 leg.
1525 3855 1778 3905 «verticem

577 3917 634 3973 V,
736 3913 783 3972 3,
820 3914 901 3968 12:
937 3919 1107 3968 vocula
1143 3924 1247 3969 «et«
1285 3920 1515 3970 tollenda.

571 3129 613 3317 3-*2-*3*
