2946 4583
706 432 826 492 140

619 901 699 959 12

623 1290 699 1350 16

620 1678 701 1738 20

626 3344 706 3406 12

634 3743 707 3801 16

1429 430 1585 494 LIB.
1632 432 1709 511 v,
1752 436 1809 496 e.

868 605 998 671 Sed
1039 612 1107 669 ut
1147 607 1486 672 seeundum
1529 616 1676 675 vota
1717 611 2087 677 Parthorum
2128 633 2244 679 sua

947 703 1187 768 Periret
1229 705 1375 769 urbs
1420 706 1577 772 haee
1617 709 1917 775 dextera?

865 800 1085 881 Neque
1129 806 1224 864 est
1265 801 1427 885 lupis
1471 803 1627 870 dens
1670 826 1786 871 nee
1827 806 1979 872 feris
2022 808 2302 872 leonibus

946 896 1210 978 UngviS‚
1255 899 1374 964 nisi
1419 900 1483 963 in
1527 900 1741 985 dispar
1783 925 2001 986 genus,

864 994 1145 1058 Furorne
1187 1015 1406 1062 caecus
1449 1019 1530 1062 an
1573 1002 1738 1082 rapit
1781 1003 2075 1066 maturior

946 1093 1074 1158 Vos
1116 1094 1337 1177 eulpa?
1381 1098 1770 1179 Responsum
1816 1097 1985 1161 date!
2011 1135 2105 1186 ¹—

867 1191 1124 1267 Taoent‚
1170 1198 1231 1255 et
1273 1192 1451 1257 albus
1496 1216 1607 1258 ora
1648 1196 1849 1279 pallor
1891 1194 2103 1272 inficit,

947 1288 1309 1369 Mentesque
1352 1293 1674 1373 perculsae
1716 1299 1984 1375 stupent.

866 1382 971 1448 Sic
1014 1391 1138 1463 est;
1181 1388 1407 1452 aoerba
1450 1389 1578 1452 lata
1624 1389 1939 1455 Romanos
1981 1398 2179 1471 agunt

950 1481 1287 1565 Soelusque
1331 1486 1646 1551 fraternae
1689 1489 1879 1564 neme,

869 1578 951 1643 Ut
992 1580 1376 1647 immerentis
1419 1582 1601 1647 fluxit
1642 1585 1707 1647 in
1751 1594 1979 1649 terram
2022 1582 2201 1646 Remi

947 1676 1140 1742 Sacer
1183 1682 1513 1763 nepotibus
1557 1700 1755 1746 eruor.

1529 1850 1692 1859 -—-—--

1529 1994 1697 2058 VIII.

1215 2121 1301 2176 AD
1337 2123 1516 2179 ANUM
1552 2124 1983 2182 LIBIDINOSAM.

868 2230 1158 2346 Rogare
1199 2266 1388 2350 longo
1434 2271 1715 2352 putidam
1757 2278 1818 2336 te
1860 2271 2095 2349 seculo,

952 2364 1135 2428 Vires
1177 2366 1325 2446 quid
1370 2376 1625 2433 enervet
1667 2390 1857 2451 meae,

869 2459 1074 2536 Quum
1116 2462 1197 2525 sit
1240 2463 1352 2526 tibi
1398 2464 1555 2529 dens
1599 2473 1731 2530 ater
1776 2477 1839 2532 et
1879 2485 2098 2549 rugae,
2138 2465 2361 2547 quibus

953 2560 1244 2623 Frontem
1291 2570 1575 2627 senectus
1618 2571 1855 2642 exarat,

872 2657 1142 2736 Hietque
1184 2660 1385 2740 turpis
1428 2660 1588 2723 inter
1631 2660 1844 2725 aridas
1888 2668 2067 2726 nates

951 2753 1165 2819 Podex
1209 2757 1378 2820 velut
1420 2758 1649 2822 erudae
1696 2758 1897 2823 bovis!

868 2849 997 2915 Sed
1040 2851 1257 2917 incitat
1301 2875 1399 2918 me
1443 2865 1657 2938 peetus
1699 2865 1761 2921 et
1803 2875 2111 2921 mammae
2153 2862 2395 2937 putreS,

952 2949 1198 3028 Equina
1241 2953 1448 3032 qualia
1492 2955 1706 3031 ubera,
2275 2976 2288 2979 2

875 3049 1232 3136 Venterque
1274 3051 1475 3114 mollis
1518 3057 1579 3114 et
1622 3049 1820 3115 femur
1863 3050 2239 3114 tumentibus

950 3155 1135 3218 Exile
1176 3148 1336 3215 suris
1378 3140 1687 3213 additum!

868 3251 1002 3315 Nee
1044 3250 1207 3334 quod
1252 3248 1438 3311 beata
1480 3265 1547 3310 es
1590 3245 1776 3310 funus
1818 3253 2004 3326 atque
2046 3242 2353 3324 imagines

954 3349 1200 3412 Ducent
1242 3344 1648 3426 triumphales
1691 3350 1881 3421 tuum,

867 3445 1001 3510 Neo
1041 3447 1132 3510 sio
1172 3463 1380 3508 moror
1424 3449 1506 3522 te,
1548 3441 1714 3524 quod
1755 3441 2219 3506 rotundioribus

958 3542 1199 3608 Onusta
1241 3540 1448 3605 baoeis
1492 3539 1791 3604 ambulas.
1865 3583 1870 3585 -

871 3637 1057 3719 Quid,
1099 3637 1265 3722 quod
1306 3637 1498 3701 libelli
1542 3636 1732 3699 Stoici
1776 3637 1936 3702 inter
1981 3637 2224 3703 Sericos

958 3738 1182 3804 Jaeere
1225 3735 1517 3818 pulvillos
1559 3736 1813 3799 amant?
