2946 4583
1084 395 1240 461 LIB.
1284 399 1334 476 Ι,
1379 391 1530 461 33.·‘
1606 422 1620 465 ·.

1241 578 1518 642 XXXII.

1187 724 1275 780 AD
1312 722 1559 788 mmm,

447 820 536 871 ubi
575 819 730 882 poeta
759 821 945 884 jussus
983 826 1097 874 erat
1131 833 1343 876 carmen
1377 827 1415 890 1,
1458 828 1520 880 12
1557 838 1896 890 componere.

589 932 956 1038 Posoimur.
1044 967 1113 1031 Si
1155 969 1304 1049 quid
1348 989 1549 1034 vaeua
1592 970 1707 1034 sub
1750 972 1974 1038 umbra

590 1065 881 1130 Lusimus
923 1070 1132 1128 teeum
1174 1085 1375 1148 neque
1418 1067 1702 1132 humavit
1743 1076 2013 1150 antrum,

589 1164 735 1228 Sole
765 1163 901 1244 jam
945 1161 1203 1245 explora
1247 1183 1323 1228 ae
1364 1165 1503 1228 viee
1543 1164 1635 1229 sie
1680 1165 1991 1246 Latinum,

753 1259 1025 1330 Barbite.
1071 1276 1322 1324 carmen
1340 1307 1355 1338 ‚

591 1439 817 1505 Lesbio
860 1441 1126 1523 primum
1169 1449 1237 1505 ut
1279 1440 1639 1506 modulante
1680 1443 1850 1522 eive,

593 1538 714 1614 Qui
756 1534 933 1601 ferox
976 1537 1158 1617 bello,
1201 1545 1409 1604 tamen
1453 1540 1620 1603 inter
1662 1541 1829 1605 alma

593 1636 823 1701 Svavis
861 1653 954 1714 ae,
990 1642 1123 1699 tuto
1166 1635 1467 1718 religarat
1510 1636 1677 1699 unde

758 1731 969 1797 Litore
1012 1750 1260 1813 navem,

594 1913 807 1980 Liberi
852 1931 1088 1978 messes
1131 1915 1568 1996 Veneremque
1610 1918 1673 1977 et
1711 1912 1807 1977 illi

604 2012 865 2095 Semper
907 2011 1266 2077 haerentem
1310 2030 1572 2095 puerum
1614 2011 1880 2076 eanebat

598 2110 683 2174 Et
725 2109 966 2190 Lycum
1009 2110 1211 2191 nigris
1254 2106 1449 2173 oeulis
1492 2108 1801 2188 nigroque

769 2205 961 2269 Crine
1003 2205 1315 2270 decorum.

599 2387 654 2453 O
699 2386 891 2466 decus
933 2386 1171 2451 Phoebi
1214 2392 1276 2450 et
1317 2384 1586 2468 dapibus
1629 2386 1907 2467 supremi

594 2485 795 2549 Grata
837 2482 1085 2548 testudo
1128 2483 1326 2563 Jovis‚
1368 2503 1406 2547 o
1449 2481 1734 2546 laborum

607 2582 805 2646 Dulee
846 2582 1137 2662 lenimen,
1181 2581 1333 2646 mihi
1375 2597 1699 2662 nuncupas
1742 2596 1931 2659 quae,

768 2679 900 2745 Fae
941 2686 1082 2744 rata
1121 2678 1294 2744 vota!

1294 2844 1495 2855 ———

1237 3024 1548 3089 XXXIII.

1032 3172 1119 3228 An
1157 3170 1401 3228 Annium
1436 3148 1782 3225 rlssunnum'.

705 3254 909 3369 Albi,
950 3307 1032 3353 ne
1073 3286 1288 3351 doleas
1324 3285 1465 3368 plus
1508 3281 1700 3348 nimio
1744 3299 1977 3345 memor

702 3386 966 3452 Immitis
1008 3385 1339 3467 Glycerae,
1381 3401 1505 3447 neu
1549 3380 1936 3446 miserabiles

707 3485 1022 3548 Decantes
1064 3482 1299 3563 elegos,
1340 3501 1449 3545 eur
1492 3481 1582 3544 ibi
1624 3476 1877 3559 segnior

870 3581 1049 3644 Laxa
1089 3579 1439 3662 praeniteat
1480 3576 1623 3648 fide.

689 3713 940 3762 Horatius
977 3710 1056 3761 ed.
1092 3708 1409 3773 Ljunqbery.

2206 398 2286 462 33

2310 2206 2391 2268 12

2315 2674 2397 2734 16
