2946 4583
686 415 770 476 22
1393 412 1552 478 LIB.
1593 413 1645 493 1,
1687 414 1785 479 19.

731 590 863 656 Sub
904 590 1120 656 divum
1162 591 1421 674 rapiam.
1505 591 1715 657 Saeva
1763 598 1909 659 tene
1947 612 2087 661 cum
2138 597 2301 662 bene
2341 596 2590 662 condito

733 687 948 753 Cornu
988 694 1313 771 tympana,
1354 705 1519 768 quae
1538 686 1932 768 subsequitur
1952 708 2175 757 caecus
2206 710 2381 757 amor
2412 693 2509 757 sui
2528 701 2593 758 et

732 784 1052 850 Tollentes
1092 802 1294 849 vacua
1333 788 1444 848 aut
1481 784 1626 867 plus
1666 782 1871 851 minus
1912 787 2183 869 ingloria
2223 788 2490 853 vertices

609 884 690 945 16
731 880 1087 963 Arcanique
1125 880 1283 947 fides
1324 880 1615 964 prodiga,
1657 881 2031 965 perlucidior
2072 884 2252 950 vitro.

1517 1259 1696 1324 XIX.

1389 1404 1477 1458 ΒΕ
1514 1404 1832 1463 GLYGEBA.

779 1511 1027 1620 Mater
1067 1564 1262 1612 saeva
1301 1546 1680 1629 Cupidinum

858 1644 1324 1725 Thebanaeque
1362 1642 1536 1726 jubet
1576 1663 1677 1709 me
1717 1642 1996 1710 Semeles
2035 1665 2189 1728 puer

775 1745 861 1809 Et
898 1741 1138 1807 lasciva
1176 1739 1460 1804 Licentia

653 1846 696 1904 4
860 1838 1085 1904 Finitis
1126 1837 1403 1902 animum
1443 1835 1712 1901 reddere
1752 1836 2085 1902 amoribus.

779 2082 920 2147 Urit
958 2101 1060 2146 me
1101 2079 1414 2164 Glycerae
1455 2080 1619 2145 nitor

861 2176 1260 2261 Splendentie
1299 2177 1487 2242 Pario
1529 2195 1836 2242 marmore
1877 2177 2121 2258 purius;

778 2273 921 2341 Urit
961 2281 1146 2356 grata
1189 2275 1561 2358 protervitas

656 2376 696 2434 8
862 2372 946 2434 Et
987 2370 1195 2435 vultus
1236 2371 1498 2436 nimium
1540 2370 1814 2434 lubricus
1857 2369 2116 2451 adspici.

781 2613 856 2677 In
899 2629 1003 2675 me
1041 2618 1174 2676 tota
1213 2628 1407 2675 ruens
1447 2612 1662 2677 Venus

863 2708 1145 2790 Cyprum
1189 2706 1466 2771 deseruit
1506 2725 1622 2771 nec
1664 2707 1894 2790 patitur
1928 2704 2199 2789 Scythas

780 2806 864 2870 Et
905 2802 1105 2868 versis
1151 2802 1501 2867 animosum
1544 2803 1719 2883 equis

618 2907 697 2967 12
860 2898 1161 2964 Parthum
1204 2898 1412 2962 dicere
1452 2918 1570 2963 nec
1613 2917 1731 2975 me,
1773 2897 1894 2960 nisi
1936 2914 2097 2977 quae
2139 2899 2322 2975 haud>
2350 2900 2546 2981 decet.

781 3146 902 3210 Hic
942 3145 1152 3210 vivum
1197 3142 1348 3206 mihi
1393 3143 1750 3225 caespitem,
1795 3142 1897 3206 hic

862 3241 1204 3317 verbenae,
1246 3240 1442 3322 pueri,
1486 3240 1697 3321 ponite
1739 3239 2042 3321 thuraque

783 3336 947 3400 Bimi
989 3354 1128 3399 cum
1171 3341 1390 3417 patera
1431 3335 1615 3411 meri3

629 3438 699 3494 16
866 3433 1135 3496 Mactata
1183 3430 1392 3493 veniet
1431 3428 1629 3492 lenior
1675 3428 1894 3494 hostia.
