2946 4583
684 459 764 517 44
1317 455 1470 521 LIB.
1518 454 1597 536 ΙΙ,
1641 459 1697 521 4.

803 635 1038 701 Omnes
1080 636 1300 700 eodem
1342 639 1646 719 cogimur,
1687 639 1965 704 omnium

796 733 997 797 Versa
1037 739 1177 798 atra
1220 734 1285 798 in
1328 753 1487 799 urna
1529 737 1726 801 serius
1769 738 1939 801 ocius

878 830 1030 894 Sors
1072 833 1318 895 exitura
1358 841 1454 897 est
1497 841 1646 898 nota
1686 843 1749 898 et
1790 834 2017 914 ingens

597 931 679 991 28
926 929 1233 993 Exsilium
1277 928 1645 1012 impositura
1687 930 1999 995 cumbens.

1530 1227 1637 1291 1V.

1337 1373 1425 1429 Al)
1460 1374 1818 1430 XANTHIAM.

794 1517 923 1621 Ne
964 1554 1046 1617 sit
1086 1552 1351 1617 ancillae
1392 1552 1504 1616 tibi
1547 1573 1722 1617 amor
1765 1553 2018 1636 pudori,

789 1651 1090 1728 Xanthia,
1132 1669 1338 1732 posco.
1381 1650 1564 1714 Prius
1607 1650 1978 1715 insolentem

797 1750 998 1815 Serva
1038 1748 1273 1812 Briseis
1313 1747 1499 1811 niveo
1543 1747 1746 1811 colore

592 1849 631 1907 4
954 1845 1152 1910 Movit
1192 1842 1528 1919 Achillcm3

788 2026 986 2089 Movit
1026 2023 1283 2106 Ajacem
1327 2020 1668 2086 Telamone
1711 2029 1927 2085 natum

788 2123 1020 2187 Forma
1062 2121 1348 2204 captivae
1392 2118 1710 2182 dominum
1754 2120 2148 2197 Tecmesses3
2230 2182 2259 2202 „-

745 2234 748 2235 *
787 2220 959 2284 Arsit
1001 2219 1252 2282 Atrides
1296 2216 1501 2281 medio
1544 2217 1610 2280 in
1653 2216 1967 2301 triumpho

588 2305 627 2363 8
951 2301 1197 2366 Vindici
1240 2300 1526 2364 abactam

791 2482 1134 2546 Barbaram
1178 2482 1362 2564 posti,
1404 2479 1685 2545 cecidere
1726 2487 1795 2542 ut
1837 2500 2014 2544 arma.

787 2580 1091 2645 Thessalo
1138 2580 1369 2645 victore
1412 2586 1475 2643 et
1517 2577 1846 2658 ademptus
1890 2577 2118 2641 Hector

785 2676 1084 2741 Reddidit
1125 2675 1308 2740 fessis
1348 2675 1585 2739 leviora
1626 2672 1758 2738 tolli

596 2775 674 2835 12
881 2775 1194 2855 Pergama
1235 2772 1463 2854 Grajis.

785 2954 1063 3029 NesciaS,
1104 2973 1183 3016 an
1228 2960 1289 3015 te
1332 2972 1633 3035 generum
1676 2951 1844 3016 beati

782 3049 1093 3132 Phyllidis
1137 3047 1341 3114 flavae
1384 3049 1676 3114 decorent
1716 3054 2042 3130 parentes;

782 3147 1052 3229 Regium
1096 3154 1260 3212 certe
1304 3165 1505 3229 genus
1548 3150 1611 3210 et
1652 3149 1912 3227 penates

587 3248 667 3305 16
947 3243 1181 3324 Migrat
1223 3245 1484 3325 iniquos,

780 3457 982 3522 Crede
1023 3477 1148 3522 non
1191 3457 1363 3520 illam
1409 3457 1522 3521 tibi
1567 3457 1647 3520 de
1690 3456 1954 3519 scelesta

784 3556 977 3623 Plebe
1019 3554 1329 3631 dilectam,
1374 3573 1575 3635 neque
1618 3553 1708 3617 sic
1746 3551 2014 3626 fidelem,

695 3669 698 3672 ’
778 3654 885 3721 Sic
925 3655 1096 3718 lucro
1139 3671 1426 3718 aversam
1469 3650 1744 3733 potuisse
1784 3648 1959 3710 nasci

580 3758 663 3818 20
944 3752 1145 3817 Matre
1190 3747 1503 3831 pudenda.
