2946 4583
868 827 1036 926 vm
1092 830 1162 944 Q.
1214 829 1525 927 nomn
1577 831 1832 930 mcffl

778 1091 849 1155 C.
916 1091 1341 1158 SUETONIO
1386 1094 1929 1172 TRANQUILLO

1139 1257 1571 1306 CONSCRIPTA.

1270 1367 1435 1378 ——-

527 1584 593 1653 Q.
636 1586 906 1644 Horatius
948 1587 1206 1659 Flaccu8‚
1268 1589 1613 1662 VenusinuS,
1667 1591 1847 1664 patre,
1890 1590 1955 1646 ut
1994 1588 2116 1662 ipse
2158 1588 2352 1661 tradit,

359 1684 628 1743 libertino
669 1688 728 1742 et
771 1686 1125 1744 exactionum
1175 1691 1449 1759 coactore‚
1496 1692 1559 1746 ut
1601 1689 1719 1747 fere
1762 1687 2037 1746 creditum
2079 1691 2186 1759 est,
2238 1688 2353 1745 sal·

359 1782 720 1854 samentario‚
763 1801 935 1857 quum
974 1786 1062 1843 illi
1104 1786 1331 1859 quidam
1396 1788 1456 1844 in
1523 1787 1889 1845 altercatione
1932 1787 2349 1858 exprobrasset:

361 1882 590 1954 quoties
656 1898 763 1953 eqo
829 1884 957 1940 vidi
1006 1888 1247 1956 patrem
1309 1889 1480 1942 tuum
1523 1886 1767 1944 brachio
1811 1901 1875 1943 sc
1918 1887 2346 1956 cmunqcntcm.

360 1978 523 2037 Bello
564 1979 940 2054 Philippensi,
985 1985 1199 2041 excitus
1245 2002 1279 2042 a
1327 1985 1404 2042 M.
1459 1986 1635 2042 Bruto
1690 1984 2042 2057 imperatore,
2086 1984 2350 2041 tribunus

361 2072 603 2138 militum
670 2081 875 2138 meruit
883 2102 898 2151 3
964 2082 1236 2154 victisque
1301 2084 1559 2156 partibus
1624 2082 1789 2141 venia
1828 2080 2130 2154 impetrata
2170 2082 2350 2154 scrip-

360 2180 485 2234 tum
533 2178 912 2251 quaestorium
975 2182 1336 2253 comparavit.
1431 2181 1518 2238 Ac
1581 2182 1759 2253 primo
1822 2180 2159 2249 Maecenati,
2222 2195 2349 2236 mox

358 2276 621 2349 Augusto
661 2278 980 2336 insinuatus
1043 2296 1158 2335 non
1222 2279 1558 2337 mediocrem
1622 2280 1681 2336 in
1747 2278 2037 2336 amborum
2101 2277 2351 2335 amicitia

358 2375 545 2432 locum
607 2377 809 2434 tenuit.
895 2377 1195 2452 Maecenas
1266 2381 1608 2451 quantopere
1674 2395 1800 2435 eum
1867 2376 2144 2447 dilexerit,
2210 2375 2353 2433 satis

356 2474 600 2530 testatur
639 2471 739 2531 illo
782 2474 1213 2547 epigrammate:

632 2587 720 2645 Ni
759 2591 810 2647 tc
854 2589 1188 2648 visceribus
1229 2591 1399 2660 mciS,
1443 2588 1687 2659 Horati,

632 2685 791 2743 Plus
811 2685 950 2757 jam
992 2690 1200 2760 diliqo,
1241 2692 1307 2746 tu
1348 2693 1522 2746 tuum
1564 2688 1829 2747 sodalem

631 2785 870 2842 Ninnio
912 2786 1121 2846 videas
1165 2788 1600 2858 striyosiorem

362 2900 463 2958 sed
505 2900 681 2956 multo
723 2900 907 2973 magis
949 2902 1213 2960 extremis
1249 2902 1481 2977 judiciis
1523 2900 1628 2959 tali
1671 2901 1744 2959 ad
1784 2901 2109 2973 Augustum
2138 2901 2347 2974 elogio:

363 2997 613 3055 Horatii
657 2998 874 3056 Flacci
913 3004 984 3056 ut
1040 3001 1157 3059 mei
1217 3005 1339 3060 esto
1405 3017 1640 3059 memor.
1727 3000 2023 3072 Augustus
2083 2999 2349 3072 epistola·

361 3114 487 3154 rum
529 3114 747 3170 quoque
788 3096 842 3155 ei
886 3098 1131 3156 officium
1175 3099 1400 3157 obtulit.
1487 3099 1609 3157 Hoc
1651 3099 1725 3156 ad
1766 3099 2150 3156 Maecenatem
2172 3097 2349 3171 scrip-

361 3197 423 3251 to
464 3194 777 3267 significat:
818 3194 978 3256 Ante
1043 3198 1175 3268 ipsc
1241 3195 1631 3270 sufficiebam
1693 3194 2031 3255 scribendis
2082 3195 2351 3267 epistolis

362 3294 717 3363 amicorum,
781 3310 949 3352 nunc
1012 3296 1514 3367 occupatissimus
1577 3299 1633 3353 et
1688 3295 1979 3366 infirmus
2022 3294 2353 3350 Horatium

362 3393 639 3448 nostram
681 3409 721 3449 a
763 3396 816 3450 tc
851 3394 1027 3465 capio
1077 3394 1387 3452 abducere.
1492 3392 1700 3451 Veniet
1759 3408 1898 3462 erqo
1959 3392 2036 3448 ab
2078 3393 2201 3449 ista
2232 3407 2351 3463 pa-

361 3490 621 3547 rasitica
662 3507 877 3549 mensa
920 3493 1004 3549 ad
1043 3492 1202 3550 hanc
1242 3494 1495 3564 remam,
1547 3495 1601 3551 et
1639 3507 1751 3548 nos
1794 3491 1862 3546 in
1904 3490 2174 3561 epistolis
2203 3490 2350 3547 scri-

366 3588 579 3647 bendis
630 3588 892 3659 juvabit.
981 3591 1065 3648 Ac
1130 3609 1200 3651 ne
1268 3591 1551 3651 recusanti
1604 3590 1827 3663 quidem
1870 3591 1968 3647 aut
2031 3587 2352 3647 succensuit

365 3686 670 3759 quidquam
713 3691 811 3746 aut
851 3690 1153 3748 amicitiam
1196 3708 1353 3748 suam
1395 3691 1653 3763 ingerere
1698 3689 1881 3746 desiit.
1947 3687 2191 3744 Exstant
2233 3684 2350 3759 epi·
