2946 4583
1174 383 1332 500 LlB.
1374 437 1456 515 ΙΙ,
1499 440 1598 501 20:
2226 447 2307 507 63

641 612 737 678 Te
778 613 940 678 vidit
980 614 1195 681 insons
1235 616 1549 683 Cerberus
1590 637 1785 685 aureo
1839 632 1846 638 ·

639 709 850 776 Cornu
890 711 1203 793 decorum,
1246 714 1390 780 huic
1430 715 1652 784 leniter
1693 726 1970 785 atterens

720 809 1023 890 Caudam,
1067 817 1129 876 et
1169 812 1483 891 recedenti
1523 816 1838 900 trilinguis

801 908 928 974 Ore
969 908 1162 993 pedes
1203 909 1534 993 tetigitque
1574 934 1775 981 crura.
2301 917 2380 980 32

1303 1240 1450 1306 XX.

1087 1384 1174 1440 AD
1209 1385 1667 1461 MAECENATEM,

456 1491 559 1545 quo
594 1483 842 1537 hortante
882 1485 994 1547 jam
1031 1485 1263 1537 carmina
1299 1499 1399 1540 sua
1433 1490 1697 1545 editurum
1734 1506 1793 1546 se
1831 1495 2126 1557 pollicetur.

582 1591 757 1701 Non
802 1630 1121 1695 visitatum
1163 1652 1310 1697 num
1351 1639 1590 1699 temere
1630 1635 1885 1705 auferar

574 1730 859 1795 Pennata
897 1728 1098 1794 forma
1137 1734 1202 1795 et
1239 1748 1352 1812 per
1391 1728 1697 1813 liquidum
1738 1743 1918 1817 ae’ra,

656 1827 882 1891 Vitans
926 1826 1050 1892 levi
1091 1827 1157 1890 in
1199 1831 1362 1891 testa
1402 1830 1632 1895 morari

741 1923 1006 1990 Conscia
1046 1925 1187 1990 avis
1228 1923 1564 2010 fragilique
1604 1928 1802 2013 major
2330 1943 2371 2003 4

573 2138 844 2203 Umbras
882 2138 1282 2221 relinquens?
1324 2141 1467 2206 Non
1510 2162 1632 2224 ego
1673 2164 2005 2229 perperam

571 2235 803 2320 Signor
844 2241 1131 2320 paratus3
1175 2255 1301 2302 non
1342 2257 1483 2321 ego,
1527 2258 1711 2323 quem
1752 2262 1997 2326 evocas,

651 2333 895 2399 Dilecte
933 2333 1268 2409 Maecenas
1308 2337 1424 2403 sub
1466 2338 1604 2423 ipso

735 2431 920 2497 Nunc
959 2437 1142 2515 tegar
1183 2440 1294 2500 aut
1335 2435 1673 2503 cohibebor
1712 2443 1912 2504 antro,
2324 2447 2365 2507 8

564 2646 711 2712 Jam
741 2645 878 2729 jam
921 2647 1217 2713 recedent
1257 2668 1440 2717 crura
1480 2651 1568 2716 ibi
1609 2659 1673 2718 et
1714 2672 1978 2738 asperae

568 2732 793 2824 Pelles,
834 2743 971 2809 olor
1012 2763 1134 2826 quo
1175 2745 1401 2812 missus
1442 2748 1768 2815 inhalitem

647 2842 956 2924 Superna,
998 2849 1453 2928 noscenturque
1493 2847 1657 2912 vecti

723 2940 846 3006 Per
886 2940 1150 3023 placitas
1192 2941 1433 3009 humeri
1473 2945 1757 3028 paludes.
2280 2952 2358 3014 12

565 3154 832 3237 Jamque
871 3155 1087 3220 AEolo
1129 3176 1254 3219 non
1297 3157 1555 3239 nequior
1596 3158 1758 3224 Italo

555 3252 773 3317 Visam
817 3252 1127 3334 gementis
1169 3251 1352 3317 litora
1390 3253 1653 3338 Bospori

636 3347 980 3431 Syrtesque
1020 3348 1321 3414 Gaetulas
1364 3368 1630 3420 canorus

716 3445 868 3509 Ales
908 3445 1471 3531 Hyperboreosque
1514 3469 1783 3536 campos.

551 3658 656 3723 Me
697 3656 966 3723 Colchus
1008 3665 1088 3740 et,
1131 3663 1236 3744 qui
1278 3664 1628 3730 dissimulat
1669 3672 1899 3732 metum

548 3757 797 3824 Marsae
838 3757 1127 3838 cohortis,
1169 3761 1381 3828 Dacus
1423 3769 1486 3828 et
1530 3763 1728 3828 ultimi
