2946 4583
596 715 678 777 20

461 1142 678 1231 '24

597 1624 679 1685 28

607 3489 689 3552 12

1381 429 1537 493 LIB.
1582 428 1663 505 ΙΙ,
1706 430 1764 489 8.

976 613 1237 694 Depone
1280 610 1395 675 sub
1437 611 1617 674 lauru
1658 627 1798 673 mea
1840 624 1956 671 nec

1056 710 1255 773 Parce
1296 707 1471 772 cadis
1513 707 1628 771 tibi
1669 703 2016 769 destinatis.

895 874 1214 941 Oblivioso
1256 873 1423 938 levia
1463 871 1731 936 Massico

894 973 1146 1038 Ciboria
1189 972 1391 1055 exple,
1438 969 1632 1034 funde
1673 966 2006 1050 capacibus

975 1070 1311 1152 Unguenta
1353 1069 1433 1133 de
1480 1065 1749 1130 conchis,
1836 1061 1990 1138 Quis
2032 1060 2156 1124 udo

1058 1168 1496 1250 Deproperare
1536 1164 1680 1247 apio
1723 1179 1985 1226 coronas

895 1331 1171 1396 Curatve
1211 1328 1459 1411 myrto?
1504 1326 1703 1403 Quem
1744 1325 1961 1390 Venus
2003 1321 2302 1387 arbitrum

895 1429 1079 1493 Dicet
1120 1426 1418 1492 bibendi?
1462 1426 1604 1490 Non
1648 1443 1770 1506 ego
1813 1422 2028 1486 sanius

977 1523 1338 1589 Bacchabor
1381 1520 1649 1601 Edonis3
1694 1525 1942 1600 recepto

1061 1623 1259 1687 Dulce
1300 1619 1453 1684 mihi
1495 1617 1699 1681 furere
1742 1623 1838 1680 est
1879 1615 2097 1678 amico.

1517 1965 1687 2028 VIII.

1390 2113 1477 2169 AD
1516 2111 1817 2168 GYPRIDA.

901 2228 1088 2337 Unci
1125 2265 1180 2328 si
1223 2261 1417 2339 vociS‚
1460 2259 1678 2343 Cypri,
1718 2257 2057 2343 pejerantis

897 2364 1079 2431 Ponti
1123 2361 1358 2426 eburno
1401 2356 1526 2439 jam
1575 2358 1884 2421 nocuisset
1926 2355 2178 2433 umbra,

900 2462 1196 2527 Dentium
1237 2476 1362 2521 uno
1407 2454 1461 2518 si
1503 2454 1707 2518 lueres
1741 2454 1951 2534 inane,

1064 2557 1283 2622 Tutior
1327 2573 1363 2618 o
1407 2553 1508 2616 cui

906 2734 1288 2804 Crederem?
1333 2733 1459 2798 Sed
1503 2739 1588 2812 tu,
1635 2732 1819 2797 simul
1859 2728 2153 2813 obligasti

901 2834 1220 2901 Perfidum
1262 2832 1425 2897 votis
1468 2836 1674 2913 caput,
1716 2828 2007 2894 enitescis

900 2931 1232 2996 Pulchrior
1273 2928 1469 2992 multo
1511 2928 1927 3009 juvenumque
1970 2923 2183 3007 prodis

1069 3026 1326 3092 Publica
1370 3044 1538 3089 cura.

902 3191 1178 3277 Expedit
1219 3190 1438 3255 matris
1482 3190 1723 3253 cineres
1764 3193 2013 3270 opertos

901 3289 1151 3355 Fallere
1195 3296 1257 3353 et
1297 3292 1426 3352 toto
1469 3288 1781 3351 taciturna
1822 3283 2024 3350 noctis

904 3387 1107 3470 Signa
1147 3402 1287 3448 cum
1333 3382 1506 3447 coelo
1550 3382 1885 3466 gelidaque
1930 3381 2113 3445 divos

1068 3484 1273 3548 Morte
1314 3487 1614 3544 carentes.

904 3645 1092 3712 Ridet
1133 3650 1340 3710 actum
1385 3661 1573 3725 quum
1614 3642 1828 3708 Venus
1868 3644 2029 3726 ipsa,
2070 3641 2278 3706 rident

904 3743 1232 3828 Supplices
1274 3744 1556 3825 nigrum3
1598 3738 1770 3805 ferus
1813 3748 1880 3805 at
1921 3738 2184 3823 Cupido,
