2946 4583
770 837 1398 1062 PRAEFATIO
1469 939 2026 1065 llDl'l'ORlS.

1250 1150 1555 1165 —ffl

408 1410 647 1517 Hanc
679 1434 1098 1509 carminum
1120 1435 1711 1511 Horatianorum
1741 1436 2155 1514 editionem
2182 1466 2398 1538 pror-

406 1560 537 1610 sus
594 1535 1067 1630 singularem
1123 1561 1316 1633 quae
1370 1535 1528 1609 fata
1589 1549 1968 1634 maneant,
2023 1539 2231 1612 haud
2278 1538 2397 1637 ig-

402 1661 613 1708 noro.
731 1634 985 1708 Primo
1066 1660 1331 1708 omnes
1411 1636 1715 1732 magnis
1796 1637 2255 1711 clamoribus
2321 1647 2400 1712 et

407 1759 705 1808 summa
760 1761 932 1808 cum
1012 1733 1541 1831 indignatione
1615 1735 2187 1834 improbabunt3
2266 1737 2397 1810 de-

406 1833 583 1907 inde
638 1858 760 1906 me
815 1833 868 1904 ii
920 1844 1215 1907 tantum
1270 1833 1740 1931 syllabarum
1804 1861 2139 1934 aucupes
2184 1836 2394 1910 dam-

406 1932 717 2027 nabunt,
774 1931 1049 2029 quibus
1106 1933 1343 2006 multo
1425 1932 1763 2007 sanctius
1826 1934 2223 2031 negotium
2279 1945 2399 2009 est

408 2042 655 2105 errata
745 2030 1225 2105 librariorum
1322 2031 1854 2130 ineptorumve
1961 2033 2397 2108 criticorum

406 2130 734 2204 fideliter
788 2156 1245 2204 conservare
1302 2156 1389 2204 ac
1454 2157 1912 2229 propagare,
1981 2157 2208 2229 quam
2260 2157 2396 2231 po-

408 2241 573 2304 etae
627 2229 941 2328 ingenio
997 2255 1137 2304 sua
1213 2229 1664 2320 retribuere3
1745 2240 2135 2328 postremo
2192 2226 2398 2330 (post

409 2329 699 2424 decem,
755 2330 1048 2425 opinor,
1130 2338 1260 2401 aut
1336 2351 1714 2401 summum
1795 2328 2073 2425 viginti
2127 2324 2395 2425 annos)

408 2453 633 2501 nemo
690 2426 855 2518 erit,
912 2426 1096 2522 quin
1172 2425 1555 2523 prioribus
1621 2426 2083 2502 editionibus
2149 2455 2398 2504 meam

410 2528 640 2622 longe
693 2525 1272 2624 praeferendam
1328 2550 1501 2598 9889
1557 2524 1958 2622 intelligat.
2016 2528 2139 2601 Me
2178 2527 2400 2625 gravi

411 2626 674 2699 morbo
720 2626 882 2723 jam
937 2623 1065 2698 diu
1121 2624 1594 2697 laborantem
1670 2649 1915 2722 usque
1979 2650 2070 2699 eo
2135 2652 2400 2725 super-

414 2725 671 2799 stitem
724 2725 885 2797 fore
939 2750 1093 2797 non
1173 2734 1294 2797 est
1357 2722 1756 2814 credibile;
1827 2723 1969 2798 sed
2022 2748 2194 2799 sera
2244 2725 2399 2821 illa,

413 2849 639 2921 quam
695 2834 901 2897 certa
954 2848 1091 2920 spe
1133 2821 1547 2919 praecipiO,
1580 2821 2187 2897 existimatorum
2217 2850 2393 2921 gra-

411 2924 518 2996 tia
568 2948 821 2996 nonne
876 2922 1097 2995 facile
1139 2921 1480 2994 dolorem
1531 2921 2050 2995 consolabitur
2104 2922 2399 2997 obtrec-

412 3021 784 3095 tationum
839 3047 926 3095 ac
982 3019 1523 3115 conviciorum,
1582 3019 1857 3116 quibus
1887 3021 2237 3095 homines
2269 3021 2403 3095 ali-

414 3121 597 3218 quid
649 3119 919 3194 fortius
976 3119 1384 3215 veriusque
1448 3118 1617 3192 ausi
1656 3117 1994 3193 atimido
2050 3131 2127 3194 et
2177 3120 2404 3195 inerti

412 3221 648 3317 vulgo
705 3218 957 3318 excipi
1012 3220 1329 3292 solent?
1945 3217 1952 3221 ’

615 3319 767 3394 Vix
843 3317 1091 3416 prima
1167 3316 1465 3391 Horatii
1539 3316 1998 3392 emendandi
2084 3317 2404 3393 consilia

414 3416 756 3510 inieram,
813 3442 1045 3512 quum
1100 3414 1285 3490 mihi
1339 3416 1419 3491 in
1445 3416 1800 3490 familiari
1835 3416 2214 3528 colloquio
2245 3417 2404 3491 exi-

423 3516 617 3589 mius
701 3515 1010 3612 quidam
1087 3515 1531 3613 philologus
1636 3514 2120 3614 Upsaliensls
2195 3516 2404 3613 obje-

420 3614 549 3687 cit:
605 3616 749 3689 »At
801 3614 868 3709 81
920 3625 1212 3688 mutare
1275 3616 1456 3690 licet
1519 3612 1883 3689 orationis
1940 3624 2403 3708 contextum,

422 3712 604 3810 quid
653 3713 965 3788 tandem
996 3713 1287 3809 negotii
1317 3724 1438 3789 est
1464 3711 1888 3787 sententiae
1918 3710 2406 3787 satisfacere?
