2946 4583
647 408 766 471 148
1348 412 1505 478 LIB.
1553 413 1628 492 V,
1680 419 1772 479 16.

724 591 1041 672 Novisque
1082 593 1267 657 rebus
1309 593 1579 660 infidelis
1619 596 1919 662 Allobrox

642 688 776 755 Nec
818 688 950 753 fera
993 691 1278 755 caerulea
1320 690 1557 757 domuit
1599 693 1942 761 Germania
1984 698 2152 781 pube

563 791 603 851 8
725 787 1208 867 Precatibusque
1249 788 1642 855 abominatus
1684 793 2016 867 Hannibal,

642 886 846 970 Impia
887 884 1220 969 perdemus
1268 885 1475 949 devoti
1522 890 1849 970 sangvinis
1892 900 2087 972 aetas,

729 984 1032 1065 Ferisque
1072 1003 1285 1049 rursus
1329 986 1732 1067 occupabitur
1774 990 2000 1054 solum!

646 1081 985 1160 Barbarus,
1025 1081 1166 1160 heu,
1210 1085 1452 1146 cineres
1494 1084 1788 1149 insistens
1831 1094 2045 1152 vectus
2087 1088 2169 1153 ad
2211 1087 2402 1153 Urbis

567 1182 646 1245 12
730 1181 938 1261 Eques
978 1186 1242 1243 sonante
1282 1181 1639 1244 verberabit
1681 1183 1935 1262 ungula,

651 1275 948 1358 Quaeque
991 1277 1219 1341 cubant
1260 1277 1454 1342 vetita
1497 1276 1769 1359 undique
1790 1280 2024 1346 solibus
2046 1302 2187 1347 ossa
2209 1282 2450 1359 Quirini
2477 1320 2561 1328 ——-

733 1375 928 1441 Nefas
970 1373 1212 1439 videre!
1257 1410 1336 1419 —-
1382 1375 1711 1458 dissipabit
1752 1376 2044 1443 insolens,

649 1472 845 1537 Ferre
890 1471 1038 1554 quid
1081 1472 1372 1555 expediet
1412 1474 1818 1539 communiter
1866 1478 1998 1556 hos,
2032 1478 2250 1543 melior
2293 1497 2446 1561 pars

571 1574 652 1634 16
735 1569 975 1646 Quibus
1017 1589 1241 1635 cavere
1282 1571 1526 1652 quaerit
1567 1572 1649 1636 ab
1691 1571 2053 1638 doloribus?

651 1669 817 1735 Num
855 1670 946 1734 sic
988 1669 1150 1733 hanc
1188 1667 1387 1751 pudor
1431 1676 1528 1733 est
1568 1670 1820 1748 sentire,
1863 1689 1969 1751 an,
2007 1671 2433 1737 Phocaeorum

737 1765 927 1831 Velut
966 1768 1245 1851 profugit
1285 1774 1610 1833 exsecrata
1652 1767 1873 1831 civitas

652 1864 860 1947 Agros
902 1871 1093 1946 atque
1136 1866 1331 1931 Lares
1372 1866 1610 1949 patrios
1652 1863 2118 1945 habitandaque
2164 1865 2315 1931 fana

572 1964 655 2027 20
740 1963 933 2046 Lupis
974 1964 1306 2045 rapacibus
1348 1964 1617 2045 reliquit,
1663 1963 1918 2043 expedit

659 2062 778 2138 Ire,
820 2061 1014 2144 pedes
1056 2080 1439 2144 quocumque
1481 2061 1700 2140 ferent,
1763 2079 2145 2142 quocumque
2194 2078 2308 2144 per
2359 2058 2572 2123 undas

740 2159 940 2222 Notus
983 2158 1231 2223 vocabit
1267 2166 1376 2224 aut
1417 2165 1742 2241 protervus
1784 2160 2073 2223 Africus?
2180 2223 2186 2227 .

660 2253 767 2320 Sic
801 2253 1046 2338 placet?
1090 2275 1172 2320 an
1209 2257 1429 2321 melius
1472 2258 1609 2339 quis
1630 2256 1818 2322 habet
1841 2254 2147 2323 evadere?
2172 2295 2250 2305 —
2276 2254 2566 2322 Secunda

578 2356 659 2417 24
741 2354 965 2417 Ratem
1006 2371 1310 2438 occupare
1351 2356 1501 2438 quid
1545 2374 1854 2420 moramur
1896 2355 2085 2421 alite?

664 2450 789 2515 Sed
822 2450 1104 2532 Juremus
1147 2455 1212 2517 in
1255 2453 1437 2519 haec:
1484 2453 1667 2519 simul
1711 2453 1851 2518 imis
1894 2472 2052 2518 saxa
2090 2453 2372 2517 renarint

745 2549 941 2613 Vadis
987 2550 1213 2631 levata,
1256 2571 1336 2617 ne
1377 2552 1583 2616 redire
1624 2552 1705 2615 sit
1746 2551 1954 2629 nefas3

664 2647 802 2713 Neu
845 2667 1145 2714 conversa
1187 2649 1436 2714 domum
1480 2651 1697 2733 pigeat
1739 2648 1890 2713 dare
1930 2647 2142 2727 lintea,
2185 2645 2438 2729 quando

582 2750 663 2811 28
746 2747 906 2810 Padi
949 2748 1187 2812 Matina
1228 2748 1451 2813 laverit
1493 2747 1816 2811 cacumina
1859 2765 1947 2824 OS,

666 2845 738 2908 In
782 2864 954 2909 mare
996 2864 1104 2909 seu
1148 2847 1347 2910 celsus
1390 2845 1769 2928 procurrerit
1810 2842 2196 2925 Apenninus,

750 2941 1054 3031 Novaque
1096 2943 1282 3008 bruta
1314 2945 1595 3026 junxerit
1636 2941 1893 3006 libidine
2470 2914 2525 3031 *ι

669 3040 825 3118 Mos,
869 3049 1016 3122 quot
1058 3049 1289 3120 amant,
1322 3041 1504 3124 juvet
1545 3048 1613 3105 ut
1653 3042 1850 3122 tigres
1895 3035 2217 3103 subsidere
2260 3034 2463 3098 cervis

588 3141 668 3201 32
750 3138 1151 3202 Adulteretur
1195 3147 1257 3203 et
1299 3141 1584 3204 columba
1629 3139 1816 3201 miluo

672 3235 941 3299 Credula
984 3254 1099 3298 nec
1141 3236 1325 3298 fultos
1365 3238 1628 3300 timeant
1671 3239 1952 3298 armenta
1994 3231 2225 3308 leones,

755 3334 1060 3415 Ametque
1103 3334 1268 3398 salsa
1310 3335 1594 3417 linguere
1638 3333 1844 3396 hircus
1887 3348 2174 3410 aequora.

674 3431 839 3496 Cura
882 3450 1041 3513 quae
1083 3439 1371 3515 poterunt
1414 3432 1651 3496 reditus
1693 3428 2062 3494 abscindere
2105 3423 2319 3489 dulces

597 3532 675 3592 36
759 3529 994 3593 Eamus
1038 3531 1237 3595 omnis
1273 3535 1576 3594 exsecuta
1610 3527 1832 3591 civitas

678 3628 804 3692 Aut
845 3646 993 3710 pars
1035 3626 1288 3692 indocili
1332 3626 1548 3692 melior
1592 3645 1816 3709 grege3
1851 3625 2053 3690 mollis
2097 3629 2159 3688 et
2188 3639 2413 3704 exspes
