2946 4583
594 887 675 946 68

590 1391 669 1451 72

592 1894 670 1954 76

595 2400 677 2458 80

683 414 761 474 74

1388 412 1541 476 [ΑΒ.
1584 413 1697 492 111,
1741 417 1797 475 5.

845 594 958 658 Vis
999 592 1213 657 consili
1259 611 1488 675 expers
1532 591 1692 656 mole
1733 592 1860 670 ruit
1903 611 2050 671 sua;

843 692 986 755 Vim
1028 696 1438 770 temperatam
1482 690 1546 755 di
1591 708 1833 771 quoque
1874 689 2224 773 provehunt

922 787 1042 862 Qui
1087 787 1151 850 in
1195 787 1414 868 majus,
1455 786 1625 850 idem
1669 787 1861 852 odere
1904 806 2086 851 curas

1005 884 1206 954 Omne
1249 885 1425 950 nefas
1468 886 1676 949 animo
1725 891 2103 949 moventum.

833 1098 1104 1161 Taesum
1147 1104 1242 1161 est
1284 1098 1590 1164 minarum
1637 1104 1702 1160 ut
1740 1096 2158 1164 centimanum
2200 1116 2419 1181 genus,

836 1182 1219 1258 Astutiarum
1265 1192 1470 1256 nudus
1515 1194 1602 1255 ita
1641 1194 1930 1275 integrae

917 1292 1220 1354 Tentator
1260 1291 1452 1353 Orion
1496 1291 1771 1370 Dianae,

998 1388 1303 1468 Virginea
1345 1387 1615 1456 domitus
1657 1390 1908 1470 sagitta.

839 1600 1044 1675 Quum
1087 1600 1312 1681 injecta
1355 1600 1647 1666 monstris
1689 1602 1887 1668 Terra
1929 1601 2095 1666 dolet
2136 1603 2266 1672 suis

835 1699 1196 1777 Maeretque
1241 1707 1460 1780 partus
1504 1698 1761 1762 fulmine
1800 1697 2070 1762 luridum

919 1794 1148 1858 Missos
1190 1795 1271 1857 ad
1316 1796 1571 1873 Orcum,
1614 1814 1730 1858 nec
1771 1795 2012 1876 peredit

999 1891 1364 1972 Impositam
1408 1892 1726 1955 Encelado
1768 1891 1936 1971 ignis
1979 1892 2276 1954 Aetnam:

839 2103 1002 2165 Tum
1045 2103 1486 2170 incontinentis
1529 2122 1645 2168 nec
1685 2103 1859 2186 Tityi
1888 2102 2067 2192 Jecur

838 2200 1118 2282 Relingit
1158 2200 1293 2265 ales
1334 2202 1635 2283 nequiter,
1677 2202 1930 2267 additus

923 2298 1178 2375 Custos;
1221 2306 1560 2362 amatorem
1606 2300 1965 2364 tremendae

1006 2394 1352 2475 Pirithoum
1398 2396 1688 2460 cohibent
1728 2405 2004 2461 catenae.

1491 2560 1690 2572 *—

1549 2741 1624 2804 V.

1202 2885 1287 2940 DE
1324 2886 1697 2941 PERNICIOSO
1736 2886 2021 2942 CONSILIO

1077 3040 1082 3043 ,
1154 2986 1389 3048 captivos
1428 2997 1457 3035 a
1495 2985 1699 3036 Parthis
1736 2984 2051 3036 redimendi.

852 3097 1069 3206 Coelo
1110 3137 1429 3196 tonantem
1473 3129 1722 3211 grande
1763 3128 1987 3195 damus
2026 3129 2251 3195 Jovem

851 3233 1176 3313 Regnum
1219 3246 1521 3311 praesens
1563 3228 1748 3293 divus
1793 3227 2122 3309 habebitur

929 3328 1251 3408 Augustus
1294 3323 1556 3404 adjectis
1598 3324 1799 3388 beatis

1017 3421 1284 3506 Imperio
1327 3420 1748 3501 gravibusque
1787 3421 2016 3491 Persis.

855 3604 1118 3670 Milesne
1159 3599 1392 3677 Crassi,
1435 3618 1618 3681 quem
1657 3597 1811 3680 juga
1854 3601 2123 3679 barbara

852 3703 1149 3777 curvant,
1192 3697 1498 3779 migratus
1540 3706 1727 3771 vexet
1767 3697 1833 3765 id
1876 3697 2068 3775 otium
2109 3732 2187 3743 —-
