2946 4583
664 455 749 524 62
797 534 807 545 ‚
1362 465 1520 530 LIB.
1563 465 1643 545 11,
1688 472 1788 532 19.

823 643 1258 725 Nympharum
1302 651 1365 710 et
1405 645 1750 712 hiscentum
1794 648 1896 715 dei
1942 671 2054 718 ora

580 744 641 803 4ι
951 741 1373 825 capripedum
1416 750 1693 809 saturata
1738 746 1921 811 cultu.

823 956 1022 1021 Evoe!
1067 963 1372 1021 retentum
1405 957 1543 1039 jam
1585 979 1655 1025 os
1697 964 1970 1046 trepidat
2014 985 2218 1031 meum

821 1053 1136 1136 Plenoque
1178 1055 1408 1120 Bacchi
1448 1063 1698 1140 pectore
1738 1062 2058 1143 turgidum

904 1151 1218 1218 Luctatur.
1305 1155 1500 1233 Eme,
1541 1175 1749 1239 parce,
1790 1156 1997 1239 Liber,

575 1252 614 1310 8
984 1252 1201 1331 Parce,
1243 1252 1428 1334 gravi
1471 1255 1804 1319 metuende
1843 1256 2093 1339 thyrso!

821 1466 949 1531 Fas
991 1465 1275 1531 fervidae
1317 1466 1479 1531 ictus
1519 1472 1615 1531 est
1655 1468 1809 1532 mihi
1852 1470 2181 1555 Thyiades
2283 1541 2288 1546 ,

821 1564 966 1629 Vini
1009 1584 1165 1647 eque
1204 1563 1396 1629 fundo
1437 1563 1618 1628 lactis
1661 1570 1723 1628 et
1767 1566 1989 1633 uberes

903 1662 1175 1728 Oantare
1214 1663 1383 1727 rivos
1424 1667 1613 1743 atque
1653 1663 1887 1727 truncis

574 1765 654 1825 12
758 1797 779 1810 ··
984 1759 1196 1843 Lapsa
1237 1759 1410 1823 cavis
1452 1760 1683 1824 iterare
1724 1760 1929 1827 mella.

820 1974 948 2039 Fas
990 1979 1053 2038 et
1095 1972 1318 2037 beatae
1358 1972 1642 2055 conjugis
1685 1974 1968 2040 additum

823 2070 1035 2136 Stellis
1076 2070 1374 2154 honorem
1414 2076 1702 2154 tectaque
1742 2072 2010 2139 Penthei

904 2170 1181 2252 Disjecta
1223 2187 1362 2233 cum
1405 2169 1578 2236 haud
1618 2170 1814 2237 clausi
1859 2169 2040 2234 ruina
2075 2175 2146 2234 ct

575 2271 656 2333 16
983 2269 1259 2334 Pansum
1300 2268 1390 2334 ibi
1430 2274 1500 2333 ut
1539 2288 1689 2336 arce
1729 2270 1955 2337 cadum
1997 2269 2061 2336 in
2107 2266 2407 2351 Lycurgi.

819 2484 921 2547 Tu
961 2482 1182 2548 flectis
1203 2495 1441 2560 amnes,
1486 2489 1554 2547 tu
1595 2502 1771 2550 mare
1811 2487 2166 2564 barbarum,

817 2582 916 2646 'lu
959 2581 1266 2675 separatis
1304 2579 1560 2647 uvidus·
1574 2581 1644 2646 in
1671 2574 1849 2668 jugis
1977 2624 1980 2627 -
2043 2572 2046 2623 T
2107 2600 2110 2625 ³

901 2677 1097 2744 Nodo-
1114 2685 1370 2744 coerces
1409 2678 1700 2764 viperino
1763 2700 1856 2725 0·
1903 2706 1940 2711 ‘¹
2113 2767 2138 2771 Ἴ,

571 2781 654 2842 20
939 2775 1372 2842 Bistonidum
1414 2779 1551 2844 sine
1582 2780 1805 2846 fraude
1846 2780 2067 2845 crines.
2097 2810 2101 2815 ·

816 2993 937 3071 Tu,
979 3009 1164 3072 quum
1205 2992 1485 3075 parentis
1525 3010 1727 3076 regna
1767 3010 1884 3078 per
1920 2993 2189 3060 arduum

818 3088 1056 3155 Cohors
1099 3084 1442 3172 Gigantum
1486 3089 1814 3157 scanderet
1852 3091 2067 3175 impia,

901 3187 1209 3253 Rhoetum
1256 3189 1558 3254 retorsisti
1599 3190 1799 3256 leonis

571 3291 654 3352 24
981 3283 1312 3366 Unguibus
1355 3285 1760 3370 horribilique
1802 3287 1989 3354 mala.

818 3479 1207 3564 Quamquam
1250 3479 1491 3547 choreis
1534 3480 1736 3564 aptior
1779 3489 1841 3547 et
1871 3483 2032 3566 jocis

819 3575 1121 3660 Ludoque
1162 3577 1292 3643 dux
1336 3585 1466 3642 tum
1512 3597 1637 3641 non
1682 3585 1780 3643 sat
1817 3580 2079 3645 idoneus

904 3676 1166 3758 Pugnae
1206 3674 1495 3741 ferebare
1534 3674 1679 3755 isse,
1721 3680 1789 3739 tu
1831 3676 1998 3742 idem

573 3777 654 3838 28
982 3774 1175 3840 Pacis·
1206 3790 1346 3840 eras
1388 3773 1790 3854 medicusque
1831 3770 1995 3839 belli.
