2946 4583
2222 461 2274 522 V

369 643 720 718 conditae
801 654 1000 739 sunt,
1080 654 1167 716 ut
1218 670 1450 741 quum
1529 643 1932 742 longinqui
1983 644 2353 743 temporis

366 742 643 817 studiis
699 754 777 816 et
830 741 1150 839 egregia
1202 742 1598 817 divinandi
1633 745 1992 818 facultate
2032 769 2223 841 opus
2255 743 2357 817 sit

366 843 465 916 ad
519 867 648 916 eas
703 841 1229 937 inveniendaS,
1312 868 1506 940 quae
1585 869 1683 917 ex
1736 843 2088 919 omnibus
2145 844 2354 918 solae

362 941 672 1040 probari
733 939 1058 1039 possint,
1136 952 1299 1014 tum
1375 941 1599 1016 facile
1677 943 2054 1041 suspicari
2131 942 2358 1017 liceat

365 1043 643 1115 multas
724 1064 950 1115 veras
1031 1041 1605 1115 emendationes
1685 1043 1767 1116 in
1843 1044 2046 1116 hunc
2109 1067 2354 1140 usque

368 1140 572 1213 diem
635 1140 964 1214 acumini
1047 1138 1482 1214 criticorum
1560 1142 1898 1216 latuisse.
2004 1142 2118 1215 Ac
2179 1167 2356 1240 pro-

365 1239 564 1314 fecto
617 1249 798 1337 post
848 1240 1359 1338 Peerlkampii
1414 1250 1492 1313 et
1543 1240 1863 1314 aliorum
1886 1241 2216 1338 impetus
2260 1240 2355 1314 de

366 1339 533 1436 lyra
583 1338 885 1413 Horatii
928 1339 1091 1437 jam
1122 1339 1531 1437 desperare
1563 1351 2158 1414 consentaneum
2187 1339 2354 1436 erit,

364 1436 517 1510 nisi
568 1464 770 1512 nova
823 1437 896 1511 ei
958 1438 1166 1511 salus
1223 1463 1267 1512 a
1317 1438 1616 1513 veriore
1671 1438 2202 1513 emendatione
2242 1438 2356 1513 in-

366 1535 586 1610 itium
640 1537 950 1636 ceperit.

566 1651 777 1740 Quae
841 1678 1075 1750 quum
1153 1651 1259 1726 ita
1312 1652 1489 1750 sint,
1545 1654 1676 1729 vix
1738 1680 2130 1753 assequor,
2172 1654 2357 1755 quid

362 1751 845 1849 Upsaliensis
899 1761 1161 1826 noster
1213 1754 1565 1829 voluerit.
1667 1754 1840 1828 Nisi
1901 1755 2095 1828 forte
2159 1754 2357 1829 veri-

363 1860 486 1924 tus
544 1861 685 1946 est,
764 1877 861 1924 ne
938 1851 1253 1925 nimiam
1331 1851 1542 1926 illam
1620 1855 2154 1928 commendare
2216 1881 2356 1952 pu-

362 1959 653 2023 taretur
706 1950 1054 2024 mutandi
1106 1950 1515 2048 licentiam,
1572 1953 1695 2027 cui
1755 1955 1987 2027 latam
2041 1955 2357 2052 januam

364 2049 796 2146 patefacere
849 2049 1153 2123 videtur
1191 2076 1434 2148 paene
1473 2052 1768 2126 infinita
1802 2052 2122 2149 viarum,
2164 2077 2357 2150 quae

366 2173 449 2221 se
504 2149 1123 2223 emendatoribus
1202 2151 1572 2247 pandunt,
1653 2151 2082 2225 multitudo.
2203 2151 2359 2226 Sed

366 2247 433 2321 si
483 2247 932 2346 periculum,
990 2248 1195 2346 quod
1249 2248 1328 2321 in
1388 2276 1545 2323 non
1585 2250 2097 2326 mediocribus
2128 2250 2356 2325 rebus

366 2371 672 2445 semper
728 2356 1124 2445 'magnum
1228 2348 1643 2446 impendet,
1733 2375 1828 2424 ne
1917 2350 2355 2424 aberremus

365 2457 494 2520 aut
545 2471 815 2543 parum
852 2445 1366 2543 proficiamUS,
1398 2449 1653 2522 studia
1679 2460 1943 2523 nostra
1972 2450 2358 2524 deterrere

367 2544 703 2639 deberet,
758 2546 920 2642 jam
985 2545 1079 2618 ab
1136 2546 1487 2620 omnibus
1553 2548 1965 2645 praeclaris
2030 2548 2355 2646 inceptis

365 2644 905 2718 abstinendum
1008 2655 1218 2718 esset
1302 2681 1402 2696 —
1491 2658 1755 2721 notum
1859 2648 2063 2721 enim
2147 2647 2358 2722 >illud

362 2753 626 2835 χαλεπὰ
669 2753 753 2820 τὰ
801 2752 976 2820 καλά
1051 2780 1150 2794 -·
1234 2743 1667 2843 frustraque
1744 2748 2118 2843 Hegelius
2198 2773 2358 2820 mo-

363 2842 663 2915 nuisset
712 2868 866 2915 non
920 2854 1270 2941 oportere
1348 2870 1444 2918 ne
1525 2846 1623 2918 ad
1686 2845 2159 2944 improspere
2223 2871 2359 2941 ge-

364 2941 644 3015 rendas
751 2941 1057 3037 quidem
1138 2968 1262 3015 res
1344 2943 1679 3018 animum
1782 2946 2078 3019 deesse.
2181 2946 2361 3018 Non

363 3041 632 3138 procul
710 3039 929 3113 abest
1004 3041 1384 3115 medicina
1462 3055 1541 3117 et
1618 3044 2003 3119 solatium:
2071 3043 2356 3117 scimus

364 3139 571 3212 enim
623 3164 762 3237 per
815 3140 1102 3235 gradus
1184 3168 1227 3214 a
1293 3142 1798 3217 deterioribus
1880 3144 1977 3217 ad
2041 3143 2358 3217 meliora

362 3262 826 3334 progressus
896 3264 1159 3312 omnes
1228 3241 1393 3313 fieri
1450 3236 1561 3334 (αὶ
1625 3251 1935 3341 δευτέραι
2007 3253 2360 3341 φροντίδες

364 3330 730 3429 ἇμέινονες)
796 3364 1044 3434 neque
1131 3339 1328 3412 ullos
1397 3365 1691 3414 errores
1760 3340 1840 3413 in
1904 3351 2357 3438 perpetuum

366 3456 538 3505 esse
593 3460 1019 3510 mansuros
1123 3438 1408 3512 Errans
1477 3439 1815 3513 criticus·
1849 3466 2029 3511 mox
2082 3438 2162 3512 in
2216 3439 2359 3513 dif-

366 3530 741 3615 ficultates
797 3534 1087 3609 incidet
1110 3536 1698 3636 insuperabiles,
1730 3564 1923 3634 quae
1953 3564 2125 3611 eum
2154 3548 2357 3611 retro

367 3630 537 3704 vela
592 3631 771 3705 dare
853 3645 930 3708 et
1007 3660 1312 3710 cursum
1391 3647 1684 3711 mutare
1767 3647 2069 3732 cogent,
2135 3647 2211 3709 et
2290 3636 2359 3708 si

372 3727 552 3823 quid
605 3729 858 3827 ipsum
911 3734 1219 3830 fugerit,
1273 3737 1670 3810 venientes
1712 3735 1789 3808 in
1818 3733 2154 3808 medium
2184 3760 2359 3809 cen-
