2946 4583
701 420 784 483 82

624 1040 698 1100 12

616 1626 696 1687 16

606 2210 691 2273 20

600 2799 683 2860 24

1378 420 1537 486 LIB.
1579 420 1693 502 111,
1737 425 1835 492 10.

1393 616 1817 668 HORA'rms.

948 747 1051 812 Me
1091 767 1256 814 nunc
1296 748 1573 815 Thressa
1615 750 1810 817 Chloe·
1843 752 2035 834 regit,

865 843 1097 908 Dulces
1138 843 1322 909 docta
1363 846 1582 911 modos
1625 854 1686 912 et
1728 847 2005 915 citharae
2046 849 2276 930 sciens,

944 939 1067 1005 Pro
1109 959 1231 1023 qua
1274 962 1399 1007 non
1441 950 1714 1010 metuam
1757 947 1934 1026 mori,

865 1035 937 1102 Si
976 1043 1233 1121 parcent
1273 1039 1522 1107 animae
1561 1038 1694 1108 fata
1734 1043 2068 1127 superstiti.

1481 1239 1745 1289 LYDIA.

943 1330 1049 1396 Me
1089 1339 1283 1400 torret
1323 1336 1460 1402 face
1501 1344 1717 1404 mutua

864 1429 1127 1493 Terreni
1169 1431 1365 1497 Italus
1408 1434 1578 1500 haud
1621 1436 1784 1501 filius
1826 1436 2092 1516 ordini8‚

942 1526 1066 1592 Pro
1109 1547 1230 1609 quo
1273 1529 1371 1595 bis
1413 1533 1620 1615 patiar
1663 1534 1848 1612 mori,

861 1623 932 1689 Si
973 1635 1235 1708 parcent
1275 1647 1469 1711 puero
1510 1626 1644 1696 fata
1685 1631 2022 1716 superstiti.

1386 1824 1806 1876 HORATIUS.

940 1916 1147 1995 Quid?
1190 1921 1243 1986 si
1286 1922 1494 2004 prisca
1532 1925 1697 1990 redit
1738 1927 1951 1992 Venus

853 2014 1326 2098 Dedoctumque
1355 2019 1517 2102 jugo
1559 2023 1728 2104 cogit
1768 2024 2006 2089 ae'neo‘?

936 2110 1006 2175 Si
1047 2112 1216 2181 flava
1258 2119 1567 2182 excutitur
1609 2118 1804 2186 Chloe
1846 2130 1910 2186 et

852 2209 1079 2295 Regna
1124 2216 1381 2299 antiqua
1422 2223 1640 2301 patent
1670 2217 1807 2302 jam
1847 2240 2013 2286 nova
2053 2219 2340 2305 Lydiae?

1469 2414 1730 2464 LYDIA.

932 2504 1322 2592 Quamquam
1364 2512 1570 2579 sidere
1611 2513 1925 2598 pulchrior

848 2602 964 2669 Ille
1005 2613 1120 2685 est,
1161 2614 1230 2670 tu
1271 2608 1466 2675 levior
1509 2612 1737 2677 cortice
1779 2619 1842 2678 et
1881 2613 2168 2697 improbo

930 2703 1213 2784 Regnari
1253 2707 1453 2772 acrior
1498 2708 1768 2790 Hadria,

848 2799 1085 2866 Tecum
1126 2803 1341 2869 vivere
1382 2825 1607 2884 amem,
1650 2812 1855 2875 tecum
1895 2808 2118 2874 obeam
2158 2807 2387 2875 libens.

1559 3119 1642 3184 X.

1413 3267 1501 3323 AI)
1537 3267 1767 3325 LYGEN.

850 3371 1247 3477 Extremum
1287 3411 1372 3478 ad
1413 3413 1660 3479 Tanain
1703 3415 1756 3479 si
1798 3415 2056 3496 cubiteffi
2097 3416 2289 3500 Lyce,

846 3503 1050 3571 Saevo
1091 3515 1287 3593 nupta
1325 3511 1482 3590 viro,
1523 3530 1625 3575 me
1665 3518 1872 3578 tamen
1918 3513 2085 3581 haud
2130 3516 2298 3584 feras

928 3604 1281 3671 Pervictum
1324 3615 1470 3674 ante
1512 3608 1676 3674 fores
1718 3610 1986 3693 objicere
2026 3615 2270 3682 insulae

1050 3703 1524 3787 Plorantemque
1563 3707 1989 3788 Aquilonibus.
