2946 4583
1185 432 1342 496 LIB.
1387 431 1437 510 I,
1480 436 1579 496 28.
2214 439 2293 499 29

685 610 894 675 Vultis
935 611 1139 676 severi
1181 630 1282 675 me
1323 630 1565 693 quoque
1607 632 1850 679 sumere

682 708 933 773 Partem
975 709 1269 773 Falerni?
1313 711 1585 788 Ducam3
1627 718 1712 790 at,
1754 710 2024 793 Opuntie

760 805 989 871 Fatere
1030 807 1115 871 mi
1157 804 1325 893 illexi,
1368 826 1489 888 quo
1532 808 1751 872 beatus

843 903 1140 982 Vulnere,
1182 922 1305 983 qua
1346 923 1568 985 pereas
1608 908 1858 989 sagitta.
2290 914 2367 974 12

683 1079 944 1146 Constat
984 1082 1297 1147 voluntas:
1342 1104 1468 1148 non
1510 1087 1636 1151 alia
1677 1088 1886 1152 bibam

613 1236 620 1241 .
672 1177 983 1242 Mercede.
1068 1176 1244 1253 Quae
1285 1188 1348 1245 te
1389 1202 1650 1264 cumque
1694 1186 1906 1250 domat
1945 1185 2178 1265 Venus,

755 1275 898 1340 Non
942 1274 1380 1342 erubescendis
1424 1278 1633 1343 adurit

833 1370 1124 1452 Ignibus;
1168 1372 1522 1455 ingenuove
1567 1377 1621 1441 si
1662 1379 1865 1462 impar
2285 1390 2362 1449 16

665 1550 898 1614 Amore
939 1570 1182 1635 peccas,
1223 1554 1523 1638 quidquid
1569 1557 1784 1639 habes,
1827 1583 2009 1645 age,

665 1647 927 1729 Depone
967 1650 1155 1714 tentis
1197 1652 1468 1718 auribus.
1514 1691 1592 1700 —
1637 1656 1737 1720 Ah
1780 1660 1986 1739 miser,

745 1742 975 1820 Quanti
1018 1746 1213 1830 lepOS,
1255 1768 1295 1812 a
1338 1768 1459 1831 quo
1504 1754 1739 1819 carebit

825 1841 1072 1906 Deinde
1112 1862 1270 1926 puer
1312 1845 1617 1913 mulierve
1659 1851 1853 1919 fama!
2272 1870 2353 1932 20

660 2014 780 2092 Qui
824 2039 1008 2086 sucus
1050 2022 1219 2087 istud
1263 2025 1505 2090 solvere
1548 2029 1870 2098 Thessalis

657 2114 861 2197 Majus
902 2120 1180 2198 venenis,
1224 2124 1363 2201 quis
1406 2127 1634 2205 poterit
1675 2129 1871 2196 deus?

736 2213 862 2278 Vix
903 2215 1216 2299 illigatum
1257 2225 1320 2283 te
1364 2220 1661 2288 biflammi

817 2311 1103 2395 Pegasus
1147 2315 1436 2398 expediet
1479 2318 1865 2400 Chimaerae.
2265 2340 2344 2400 24

1195 2709 1493 2776 XXVIII.

995 2855 1080 2912 DE
1116 2855 1432 2913 Pnsslcnho
1468 2857 1686 2927 VITAE,

548 2958 651 3010 quo
707 2951 865 3012 poeta
922 2966 1089 3017 prope
1147 2958 1452 3009 Palinurum
1511 2955 1624 3018 (cn-
1669 2963 1754 3027 111,
1807 2965 1859 3029 4,
1915 2967 2012 3030 28)
2055 2969 2330 3037 laboravit,

546 3039 726 3162 {33:112
731 3034 957 3165 litantem
991 3043 1119 3089 moti
1155 3038 1221 3089 ab
1258 3038 1395 3088 Euro
1451 3039 1640 3092 fluctus
1698 3045 1751 3095 in
1787 3046 1945 3099 nimis
1982 3050 2146 3103 altum
2181 3064 2346 3140 mare-

341 3182 459 3288 Te
501 3221 692 3286 maris
734 3230 796 3287 et
836 3232 1041 3291 terrae
1082 3247 1464 3311 numeroque
1506 3237 1776 3301 carentis
1819 3257 2051 3307 arenae

420 3315 773 3384 Memorem
815 3325 1125 3406 cohibent,
1166 3327 1472 3410 Archyta,
1920 3393 1927 3398 .

336 3408 622 3477 Pulveris
662 3415 870 3498 injecti
914 3442 1107 3504 prope
1148 3421 1298 3489 litus
1339 3446 1537 3507 parva
1580 3438 1929 3499 maternum

419 3508 699 3589 Munera,
741 3534 858 3579 nec
899 3517 1211 3598 quondam
1253 3523 1366 3586 tibi
1406 3525 1661 3606 prodest
2281 3544 2321 3601 4

330 3601 556 3671 Aerias
597 3614 874 3677 tentasse
916 3613 1130 3681 domos
1172 3618 1503 3701 animoque
1544 3624 1874 3690 rotundum

412 3700 804 3772 Percurrisse
844 3710 1073 3793 polum,
1112 3715 1426 3780 morituro.
