2946 4583
580 850 657 909 16

618 1695 656 1753 4

582 2636 657 2694 12

580 3106 656 3165 16

580 3578 661 3635 ‘20

1397 389 1551 454 ΜΒ.
1597 394 1661 472 Ι,
1689 400 1747 459 6.

783 561 951 624 Inter
995 560 1234 645 damna,
1268 569 1462 630 natet!
1510 570 1611 634 Me
1650 574 1863 637 tabula
1908 595 2084 640 sacer

776 654 1004 720 Votiva
1047 661 1253 738 paries
1296 662 1532 727 indicat
1574 667 1765 731 uvida

861 752 1274 834 Suspendisse
1316 763 1550 839 potenti

939 848 1323 917 Vestimenta
1369 860 1557 923 maris
1601 860 1734 922 deo,

1514 1152 1618 1216 VI.

1056 1295 1141 1349 AD
1180 1297 1244 1352 M.
1282 1300 1631 1358 VIPSANIUM
1666 1259 2048 1360 ’AGulPPAsL

774 1370 1102 1474 Scriberis
1146 1411 1336 1475 Vario
1382 1414 1556 1477 fortis
1603 1427 1664 1479 et
1710 1417 1974 1480 hostium

777 1503 989 1565 Victor
1034 1502 1301 1569 Maeonii
1349 1509 1465 1572 hac
1511 1515 1802 1576 carminis
1847 1515 2015 1592 alite,
2052 1517 2054 1520 ’

773 1598 911 1674 Qua
955 1601 1019 1663 in
1061 1619 1192 1664 rem
1236 1621 1542 1686 quamque
1584 1605 1761 1673 ferox
1804 1610 2070 1674 navibus
2112 1617 2219 1675 aut
2261 1612 2436 1694 equis

904 1697 1085 1761 Miles
1126 1706 1193 1763 tu
1236 1700 1394 1765 duce
1436 1702 1710 1768 Caesare
1750 1706 1824 1769 is.

779 1874 929 1954 Nos,
971 1877 1280 1962 Agrippa,
1323 1900 1524 1963 neque
1566 1883 1723 1947 haec
1765 1883 1971 1948 dicere
2010 1902 2127 1948 nec
2169 1906 2432 1967 gravem

677 2045 681 2049 ¹
780 1970 1035 2038 Pelidae
1077 1981 1461 2042 stomachum
1507 1978 1728 2042 cedere
1771 1981 1964 2042 nescii

780 2068 913 2133 Nec
955 2089 1170 2136 cursus
1209 2073 1427 2138 docilis
1467 2094 1581 2157 per
1625 2095 1796 2139 mare
1841 2075 2046 2139 Ulixei

906 2167 1042 2256 Nec
1083 2186 1338 2234 saevam
1381 2171 1631 2253 Pelopis
1673 2172 1923 2236 domum

782 2344 1114 2424 Conamnr,
1158 2353 1375 2412 tenues
1419 2350 1707 2429 grandia,
1752 2353 1899 2416 dum
1942 2355 2143 2437 pudor

781 2440 1178 2522 Imbellisque
1217 2442 1397 2525 lyrae
1439 2446 1619 2510 Musa
1651 2456 1880 2528 potens
1924 2457 2097 2515 vetat

781 2534 1031 2600 Laudes
1073 2540 1314 2619 egregii
1359 2540 1651 2605 Caesaris
1695 2549 1757 2606 et
1799 2551 1939 2607 tuas

908 2633 1107 2714 Culpa
1148 2634 1433 2700 deterere
1475 2638 1710 2719 ingeni.

779 2811 931 2887 Quis
974 2812 1253 2879 Marcum
1299 2817 1363 2880 in
1407 2837 1636 2883 cuneos
1680 2824 1927 2884 vectum
1969 2820 2405 2890 adamantinos

783 2909 995 2989 Digne
1038 2912 1373 2993 scripserit,
1414 2923 1482 2977 ut
1523 2914 1779 2995 pulvere
1820 2917 2046 2982 Troico

784 3005 1045 3085 Nigrum
1092 3007 1408 3072 Merionen
1454 3017 1561 3072 aut
1604 3011 1706 3090 qui
1750 3029 1869 3092 ope
1910 3012 2190 3079 Palladis

906 3101 1199 3183 Tydiden
1244 3106 1485 3188 superis
1527 3107 1782 3187 parem?

781 3281 911 3344 Nos
954 3280 1259 3358 convivia,
1302 3301 1415 3345 nos
1451 3282 1691 3364 proelia
1733 3286 2045 3367 virginum

784 3377 983 3440 Sectis
1026 3377 1088 3439 in
1134 3396 1394 3442 veneres
1439 3381 1751 3459 unguibus
1793 3385 2023 3448 acrium

782 3476 1140 3557 Cantatum,
1185 3477 1363 3539 vacui
1408 3478 1644 3540 svavia.
1734 3480 2029 3545 Ducimur

909 3573 1044 3634 Non
1091 3580 1340 3653 praeter
1385 3575 1667 3637 meritum
1713 3576 1899 3638 leves,

1454 3741 1645 3750 ηι-ι--ᾲ
