2946 4583
604 2195 683 2257 12

606 2674 685 2736 16

609 3180 693 3242 20

600 3686 696 3748 ,24

684 373 800 435 126

1416 372 1574 438 LIB.
1623 374 1730 453 IV,
1777 378 1873 438 14.

1499 653 1671 717 XIV.

1340 799 1426 853 AD
1463 799 1828 856 AUGUSTUM.

849 911 1068 1044 Quae
1109 966 1259 1013 cura
1299 952 1548 1031 patrum
1596 966 1836 1029 quaeve
1877 946 2207 1023 Quiritium

843 1048 1053 1114 Plenis
1097 1047 1396 1111 honorum
1440 1046 1799 1111 muneribus
1841 1054 2014 1128 tuaS,

931 1147 1236 1226 Auguste,
1277 1144 1541 1240 virtutes
1581 1145 1647 1208 in
1689 1163 1914 1210 aevum

1013 1244 1133 1308 Per
1176 1240 1389 1305 titulos
1431 1261 1858 1324 memoresque
1900 1242 2094 1308 fastos

851 1426 965 1490 Sat
1007 1429 1204 1502 ornet,
1245 1441 1303 1500 ο,
1346 1441 1470 1502 qua
1511 1424 1604 1487 sol
1642 1423 2012 1489 habitabiles

844 1523 1124 1588 Illustrat
1168 1539 1329 1600 oras,
1367 1517 1642 1584 maxime
1680 1521 2074 1604 principum?

928 1617 1126 1697 Quem
1167 1619 1328 1702 legis
1373 1625 1664 1701 expertes
1704 1619 1970 1684 Latinae

1010 1718 1319 1784 Vindelici
1362 1714 1640 1781 didicere
1681 1736 1897 1799 nuper,

846 1897 1012 1975 Quid
1054 1899 1255 1964 Marte
1298 1916 1532 1981 posses.
1617 1898 1815 1961 Milite
1856 1897 1982 1979 jam
2023 1904 2129 1961 tuo

848 1999 1092 2062 Drusus
1136 1997 1495 2074 GenaunOS,
1537 1994 1941 2078 implacidum
1981 2013 2203 2079 genus,

931 2094 1330 2175 Breunosque
1371 2092 1616 2160 veloces
1658 2102 1720 2159 et
1761 2113 1937 2159 arces

1012 2192 1276 2276 Alpibus
1320 2193 1643 2276 impositas
1685 2191 2026 2259 tremendis

851 2374 1095 2458 Dejecit
1136 2394 1213 2439 ac
1252 2373 1479 2439 flerunt
1521 2375 1658 2457 vice
1700 2375 2066 2459 supplicum.

850 2475 1048 2557 Major
1091 2475 1413 2539 Neronum
1456 2492 1635 2557 spem
1677 2474 1964 2556 precibus
2006 2473 2183 2556 gladi

933 2572 1258 2637 Commisit
1296 2573 1725 2653 immanesque
1764 2572 1997 2639 Raetos

996 2670 1330 2753 „Auspiciis
1370 2670 1613 2753 pepulit
1654 2670 1964 2750 secundis,

855 2884 1247 2968 Spectandus
1289 2885 1530 2969 intrans
1573 2886 1830 2966 agmina
1872 2885 2151 2965 Manius,

857 2981 1107 3047 Devota
1150 2981 1330 3044 morti
1376 2988 1629 3065 pectora
1671 2984 1907 3048 liberae

937 3077 1201 3154 Quantis
1244 3079 1541 3161 fatigaret
1581 3083 1813 3159 ruinis;

1028 3177 1345 3242 Indomita
1387 3179 1527 3243 vice
1570 3181 1771 3261 qualis
1814 3180 2017 3243 undas

858 3393 1128 3456 Exercet
1168 3394 1394 3458 Auster
1435 3384 1763 3459 Pleiadum
1807 3392 1995 3457 choro
2115 3392 2118 3397 ²

862 3488 1201 3555 Scindente
1242 3493 1459 3573 nubes,
1503 3492 1772 3577 impiger
1816 3492 2081 3557 hostium

943 3586 1192 3653 Vexare
1234 3595 1470 3655 turmas
1514 3597 1575 3656 et
1616 3590 1980 3655 frementem

1022 3686 1273 3752 Mittere
1314 3707 1538 3769 equum
1580 3688 1821 3753 medias
1863 3707 1973 3771 per
2015 3689 2160 3753 iras.
