2946 4583
1139 393 1294 458 LIB.
1338 396 1452 476 111,
1494 399 1594 461 23.

706 567 1046 636 Imminens
1087 572 1276 638 villae
1318 582 1426 641 tua
1467 579 1652 661 pinus
1697 589 1849 661 est0‚

705 661 906 739 Quam
948 688 1060 751 per
1102 680 1356 737 exactos
1400 694 1522 756 ego
1564 675 1767 744 laetus
1810 701 2009 745 annos

702 761 919 828 Verris
963 767 1278 850 obliquum
1322 774 1681 840 meditantis
1725 780 1910 842 ictum

790 862 1114 945 Sangvine
1156 865 1401 933 donem.

1233 1196 1477 1262 XXIII.

1133 1342 1220 1398 AD
1253 1344 1597 1404 PHIDYLEN.

704 1450 924 1559 Coelo
967 1490 1224 1572 supinas
1267 1491 1320 1556 si
1364 1493 1580 1559 tuleris
1621 1517 1847 1563 manus

694 1589 1008 1654 Nascente
1049 1590 1249 1668 Luna,
1290 1593 1523 1656 rustica
1564 1593 1853 1679 Phidyle,

783 1687 853 1752 Si
895 1687 1076 1751 thure
1117 1684 1389 1769 placaris
1434 1698 1495 1755 et
1542 1691 1741 1757 horna

863 1784 1077 1866 Fruge
1117 1784 1313 1851 Lares
1355 1789 1668 1870 avidaque
1712 1812 1929 1876 pore-213

697 1966 754 2030 N
759 1983 830 2029 ec
873 1966 1263 2048 pestilentem
1308 1970 1535 2034 sentiet
1574 1970 1853 2040 Africum

690 2063 987 2127 Fecunda
1027 2065 1197 2144 vitis,
1239 2084 1358 2130 nec
1402 2069 1676 2133 sterilem
1719 2091 1905 2157 seges

772 2161 1146 2243 Robiginem
1190 2169 1298 2226 aut
1339 2161 1554 2228 dulces
1596 2167 1830 2233 alumni

859 2256 1172 2324 Pomifero
1214 2280 1412 2343 grave
1454 2267 1700 2346 tempus
1742 2286 1926 2334 anno,

686 2439 872 2520 Nam,
914 2459 1073 2521 quae
1115 2442 1310 2507 nivali
1351 2445 1627 2526 pascitur
1669 2447 1903 2530 Algido

682 2537 931 2602 Devota
972 2557 1233 2619 quercus
1276 2540 1438 2605 inter
1481 2550 1544 2606 et
1585 2543 1762 2610 ilices

765 2636 893 2699 Aut
935 2637 1155 2701 crescit
1195 2638 1461 2705 Albanis
1503 2641 1570 2706 in
1612 2643 1823 2710 herbis

849 2733 1138 2814 Victima,
1179 2736 1540 2817 pontificum
1583 2742 1847 2806 securim

691 2912 952 2981 Cervice
995 2917 1226 3000 tinget3
1267 2926 1331 2984 te
1372 2919 1530 2984 nihil
1570 2923 1795 2990 attinet

678 3011 952 3079 Tentare
993 3014 1192 3082 multa
1233 3018 1428 3083 caede
1469 3019 1834 3101 bipennium
1874 3043 2006 3106 ωε,

758 3110 998 3176 Parvos
1039 3120 1437 3178 coronantem
1480 3118 1722 3183 marino

846 3209 1012 3273 Rore
1053 3208 1206 3275 deos
1248 3209 1560 3293 viridique
1598 3223 1823 3299 myrto.

678 3385 747 3451 Si
790 3407 1013 3454 munus
1055 3409 1205 3455 arae
1245 3399 1462 3459 sancta
1503 3397 1662 3463 adiit
1703 3421 1945 3483 manus,

677 3485 852 3551 Haec
893 3495 1253 3572 sumptuosa
1295 3490 1585 3559 blandior
1627 3498 1833 3565 hostia

756 3584 1021 3650 Mollivit
1061 3606 1317 3654 aversos
1358 3591 1627 3659 Penates

843 3682 1041 3749 Farre
1081 3686 1186 3768 pio
1229 3694 1291 3752 et
1333 3690 1596 3756 saliente
1638 3693 1818 3759 mica.

2196 412 2275 471 95

2260 2755 2338 2817 12

2250 3230 2467 3291 16.

2244 3702 2327 3762 20
