2946 4583
1159 438 1316 511 ΜΒ.
1356 442 1465 528 lv,
1507 452 1566 511 4.

622 627 914 704 Sensere,
957 623 1106 706 quid
1150 641 1345 705 mens,
1388 619 1557 692 laeta
1597 625 1747 708 quid
1789 624 2033 694 indoles

618 724 869 791 Nutrita
909 721 1132 788 faustis
1174 725 1289 791 sub
1334 723 1760 808 penetra-libus

703 821 944 901 Posset,
987 822 1138 904 quid
1177 823 1449 906 Augusti
1493 831 1792 907 paternus

684 969 687 970 ν
788 921 863 985 In
907 940 1133 1004 pueros
1173 923 1420 988 animus
1461 923 1763 989 Nerones.

618 1097 840 1166 Fortes
884 1108 1173 1168 creantur
1215 1102 1509 1167 fortibus:
1554 1109 1651 1167 est
1691 1103 1873 1169 bonis

621 1198 702 1262 Et
742 1197 807 1264 in
848 1199 1148 1282 juvencis,
1192 1206 1287 1265 est
1329 1200 1393 1264 in
1436 1199 1612 1283 equis
1653 1208 1901 1285 patrum

703 1296 934 1376 Virtu8‚
980 1316 1180 1380 neque
1222 1295 1538 1362 imbellem
1573 1299 1817 1365 seroces

791 1392 1224 1477 Progenerant
1264 1393 1512 1477 aquilae
1553 1397 1930 1463 columbam:

623 1572 925 1639 Doctrina
965 1573 1079 1640 sed
1122 1577 1251 1641 vim
1293 1583 1621 1661 promovet
1661 1577 1936 1659 insitam,

622 1672 922 1754 Rectique
963 1672 1163 1738 cultus
1206 1682 1459 1758 pectora
1499 1676 1828 1757 roborant3

705 1769 1053 1852 Utcumque
1093 1769 1384 1837 defecere
1424 1791 1649 1853 moreS‚

794 1867 1192 1936 Dedecorant
1232 1870 1393 1935 bene
1432 1876 1584 1936 nata
1627 1870 1865 1954 culpae.

621 2047 789 2123 Quid
832 2047 1084 2130 debeas,
1126 2072 1163 2117 o
1206 2050 1424 2131 Roma,
1467 2049 1838 2130 Neronibus,

623 2145 832 2210 Testis
874 2147 1226 2212 Metaurum
1266 2148 1499 2215 flumen
1544 2155 1607 2213 et
1648 2147 2006 2215 Hasdrubal

709 2243 1008 2310 Devictus
1051 2251 1113 2310 et
1155 2246 1411 2330 pulcher
1452 2244 1689 2328 fugatis

798 2338 915 2407 Ille
955 2341 1091 2408 dies
1133 2343 1315 2410 Latio
1359 2343 1657 2424 tenebris,

621 2551 747 2628 Qui
788 2555 1026 2639 primus
1068 2554 1280 2642 ampla
1319 2556 1458 2625 risit
1499 2554 1751 2639 adorea,

622 2651 817 2718 Dirus
857 2674 969 2738 per
1012 2657 1198 2722 urbes
1238 2654 1395 2722 Afer
1435 2663 1505 2721 ut
1544 2655 1741 2723 Italas

704 2750 839 2816 Ceu
875 2750 1130 2820 flamma
1171 2772 1284 2837 per
1324 2753 1548 2819 taedas
1589 2755 1692 2820 vel
1731 2755 1938 2820 Eurus

791 2847 914 2914 Per
957 2849 1203 2917 Siculas
1245 2852 1549 2934 equitavit
1588 2851 1811 2918 undas,

621 3057 774 3126 Post
813 3062 932 3129 hoc
972 3065 1265 3131 secundis
1306 3083 1504 3146 usque
1543 3066 1863 3132 laboribus

619 3156 906 3235 Romana
946 3162 1144 3244 pubes
1185 3161 1410 3240 svevit‚
1451 3168 1515 3227 et
1557 3163 1748 3247 impio

700 3254 966 3323 Vastata
1005 3258 1355 3324 Poenorum
1397 3259 1664 3325 tumultu

789 3353 971 3421 Fana
1011 3354 1164 3422 deos
1207 3355 1485 3424 habuere
1525 3364 1720 3439 tutos,

621 3564 925 3649 Dixitque
965 3565 1219 3637 tandem
1263 3568 1541 3656 perfidus
1582 3545 1931 3640 Hannibal}

621 3665 860 3747 ''Cervi,
902 3665 1188 3751 luporum
1231 3671 1470 3755 praeda
1510 3672 1855 3756 rapacium,

446 3780 697 3833 Horatius
734 3782 814 3837 cd.
851 3782 1171 3851 Ljunqberq.

2055 3784 2091 3837 8

2158 441 2280 510 113

2281 1400 2365 1462 32

2281 1871 2365 1936 36

2284 2340 2402 2409 40'

2281 2849 2364 2911 44
