2946 4583
631 946 671 1005 8

611 1419 692 1480 12

608 1888 690 1949 16

603 2366 687 2428 20

603 2841 687 2902 24

700 470 824 530 100

602 3314 722 3374 28-

600 3788 686 3849 32

1436 460 1602 524 LIB.·
1638 460 1751 536 III,
1793 461 1892 523 27.

863 646 1138 726 Rumpat
1179 642 1278 706 his
1320 642 1701 723 serpensque
1738 641 1857 704 iter
1900 637 2270 718 institutum,

864 741 934 806 Si
977 740 1026 805 it
1065 758 1178 822 per
1220 736 1536 819 obliquum
1580 737 1802 802 similis
1844 735 2115 818 sagittae

859 838 1183 906 Territans
1222 854 1510 900 mannos:
1552 834 1666 899 tibi
1708 853 1835 915 cur,
1875 833 2123 912 amabo,

1054 933 1363 1001 Providus
1405 950 1672 1015 auspex,

857 1123 1207 1200 Antequam
1251 1120 1490 1180 stantes
1530 1119 1772 1196 repetat
1811 1111 2076 1195 paludes

856 1218 1155 1282 Imbrium
1196 1213 1416 1279 divina
1454 1212 1594 1276 avis
1635 1210 2085 1286 imminentum‚

857 1315 894 1381 J
900 1335 1002 1380 am
1047 1314 1319 1379 oscinem
1360 1327 1614 1375 corvum
1655 1325 1840 1390 prece
1880 1304 2204 1372 suscitabit

1020 1410 1209 1474 Lucis
1249 1410 1332 1476 ab
1372 1406 1552 1471 ortu?

858 1591 1108 1673 Scilicet
1147 1589 1321 1669 felix,
1361 1587 1731 1667 ubicumque
1773 1584 2003 1661 mavis,

857 1692 1023 1756 Dum
1065 1708 1134 1753 es
1176 1705 1409 1751 memor
1450 1684 1666 1764 nostri,
1706 1682 1992 1759 Galatea,
2033 1677 2236 1757 vivas,

853 1789 1070 1869 Teque
1109 1803 1226 1849 nec
1266 1784 1515 1848 laevum
1558 1802 1629 1847 os
1668 1787 1837 1847 vetet
1878 1779 1970 1843 ire
2010 1774 2135 1859 pici

1020 1885 1154 1949 Nec
1194 1901 1367 1963 vaga
1408 1881 1642 1946 cornix.

847 2064 977 2129 Sed
1018 2068 1208 2142 vetet,
1249 2068 1481 2143 quanto
1521 2058 1793 2143 trepidat
1833 2055 2099 2119 tumultu

853 2163 1097 2228 Pronus
1120 2158 1345 2226 Drion.
1429 2159 1594 2241 Ego,
1635 2153 1785 2238 quid
1828 2154 1909 2219 sit
1948 2161 2117 2218 astro
2158 2148 2283 2214 hoc

851 2259 1152 2338 Hadriae,
1194 2259 1366 2335 novi,
1407 2258 1605 2335 sinus,
1645 2264 1709 2320 et
1748 2250 1898 2336 quid
1937 2254 2154 2316 auctor

1014 2358 1239 2422 Peccet
1278 2356 1506 2440 Iapyx.

853 2541 1141 2608 Hostium
1181 2556 1409 2603 uxores
1446 2534 1747 2620 puerique
1788 2549 2007 2596 caecos

852 2639 1139 2705 Sentiant
1181 2643 1384 2701 motus
1425 2631 1743 2698 redeuntis
1784 2627 1998 2694 Austri
2040 2633 2104 2690 et

851 2735 1157 2818 Aequoris
1196 2731 1365 2815 nigri
1405 2729 1724 2794 fremitum
1762 2732 1826 2791 et
1864 2727 2206 2790 trementes
2295 2765 2301 2772 ·

1014 2831 1290 2897 Verbere
1331 2846 1537 2911 rupes

850 3014 1014 3080 Scis:
1060 3019 1122 3078 et
1165 3010 1413 3092 Europe
1452 3007 1521 3071 in
1561 3023 1791 3069 novum
1834 3000 1953 3065 iter
1995 2997 2213 3064 doloso

851 3111 1134 3178 Credidit
1175 3115 1353 3175 tauro
1396 3107 1580 3183 latus,
1620 3109 1688 3169 at
1728 3099 1996 3166 secantis

851 3210 1108 3275 Belluae
1149 3212 1406 3289 pontum
1447 3202 1748 3268 meditata
1787 3194 2041 3262 fraudes

1012 3303 1242 3370 Palluit
1283 3300 1514 3366 audax.

849 3488 1062 3571 Nuper
1105 3485 1170 3550 in
1215 3481 1410 3567 pratis
1453 3480 1734 3546 studiosa
1773 3476 2023 3552 florum,

851 3584 1118 3650 Debitae
1159 3578 1472 3665 Nymphis
1518 3574 1728 3660 opifex
1769 3589 2064 3648 coronae,

849 3684 1044 3750 Nocte
1087 3677 1377 3743 sublustri
1421 3674 1578 3740 nihil
1622 3682 1791 3739 astra
1832 3676 2078 3756 praeter

1016 3775 1192 3842 Vidit
1232 3782 1295 3840 et
1335 3773 1555 3837 undas.
1649 3768 1652 3773 ⁴
