2946 4583
1091 531 1096 536 p
1143 451 1308 515 ΜΒ.
1342 453 1419 532 v,
1462 457 1521 516 9.
1699 455 1718 464 “
2122 457 2234 518 141

585 628 922 694 Illiteratae
962 650 1118 718 num·
1154 632 1360 696 minus
1401 650 1630 696 nervos
1659 631 1927 714 regent?

608 728 612 732 ’
663 727 953 792 Minusve
993 729 1280 811 tinguent
1321 727 1667 792 fascinum?

580 822 762 899 Quod
807 830 875 888 ut
916 825 1182 909 superbo
1224 844 1526 912 provoces
1570 828 1649 892 ab
1692 825 1972 907 ingvine,
2014 829 2108 889 est

663 919 789 985 Ore
830 915 1301 988 allaborandum
1346 929 1409 986 et
1449 923 1582 988 tibi.
2239 923 2323 984 20

1267 1261 1381 1332 ΙΧς

1037 1412 1123 1468 An
1158 1412 1624 1477 ΜΑΕΟΕΝΔΤΕΜ,

777 1523 934 1574 quum
982 1514 1180 1563 caesar
1216 1514 1356 1575 apud
1392 1515 1593 1565 Actium
1628 1515 1864 1566 vicisset.

490 1583 735 1719 Quam
775 1642 923 1688 mox
963 1629 1277 1707 repostum
1320 1624 1677 1691 Caecubum
1717 1627 1803 1692 ad
1843 1627 2037 1693 festas
2078 1625 2276 1712 dapes

573 1720 824 1785 Victore
863 1719 1064 1786 laetus
1107 1722 1381 1788 Caesare

488 1818 724 1884 Tecum
768 1817 884 1882 sub
924 1818 1056 1883 alta
1095 1854 1176 1868 -
1220 1822 1311 1886 sic
1351 1821 1391 1886 J
1393 1821 1498 1887 ovi
1539 1825 1791 1902 gratum
1829 1856 1912 1870 --
1955 1819 2164 1899 domo,

574 1914 771 1980 Beate
811 1915 1163 1996 Maecenas,
1206 1917 1417 1982 bibam
2274 1920 2316 1978 4

488 2010 767 2078 Sonante
807 2014 1071 2080 mixtum
1111 2013 1284 2079 tibiis
1323 2032 1578 2080 carmen
1616 2012 1786 2098 lyra,

567 2110 751 2176 Nunc
791 2109 1073 2192 Dorium,
1113 2111 1286 2177 illinc
1327 2111 1706 2177 barbarum?
1748 2118 1819 2177 ut
1852 2157 1856 2164 -
1916 2121 1921 2126 ’

486 2206 573 2271 Et
612 2225 829 2289 nuper,
872 2211 1049 2273 actus
1091 2226 1277 2288 quum
1320 2206 1481 2272 freto
1523 2209 1876 2293 Neptunius

570 2304 720 2369 Dux
761 2301 926 2387 fugit
966 2305 1123 2370 ustis
1165 2305 1461 2385 navibus,
2102 2384 2115 2389 ,
2272 2315 2314 2374 8

488 2399 763 2467 Minatus
806 2402 961 2467 Urbi
1002 2403 1229 2483 vincla,
1271 2422 1430 2485 quae
1473 2402 1832 2518 detraxerat

570 2496 786 2565 Servis
830 2501 1067 2565 amicus
1112 2500 1382 2582 perfidis.

488 2594 826 2674 Romanus,
869 2596 1047 2675 eheu,
1091 2634 1169 2644 —
1211 2596 1463 2681 posteri,
1507 2599 1943 2681 negabitis—

569 2692 1018 2776 Emancipatus
1058 2691 1349 2774 feminae,
2223 2698 2305 2759 12

487 2788 637 2853 Fert
679 2788 913 2853 vallum
958 2796 1019 2853 et
1063 2810 1259 2883 arma*
1285 2793 1463 2858 miles
1505 2799 1569 2856 et
1609 2792 1990 2877 spadonibus

569 2884 822 2950 Servire
863 2888 1110 2969 rugosis
1152 2893 1376 2971 potest,

486 2983 781 3065 Interque
825 2984 1010 3066 signa
1051 2990 1233 3069 turpe
1274 2985 1570 3052 militaria

567 3077 741 3145 Solet
782 3083 908 3165 peti
952 3082 1035 3147 ad
1077 3083 1471 3146 connubium.
2224 3083 2305 3144 16

485 3175 599 3241 Sat
643 3178 805 3242 hunc
847 3179 1150 3262 prementi
1192 3176 1512 3260 perferunt
1553 3179 1652 3244 bis
1694 3177 1865 3243 mille
1907 3197 2098 3260 equos

566 3272 735 3339 Galli
779 3293 918 3338 cum
959 3276 1239 3358 Amynta
1279 3275 1536 3340 Caesari
1578 3282 1659 3356 et,

484 3372 819 3437 Hostilium
861 3391 986 3454 qua
1025 3373 1280 3437 navium
1321 3373 1559 3457 impetu
1600 3377 1844 3453 vacent,

564 3469 815 3554 Puppes
855 3470 1030 3552 sequi
1072 3470 1254 3535 sistro
1295 3471 1518 3554 placet.
2219 3473 2302 3537 20

481 3565 553 3629 Io
594 3566 958 3649 Triumphe,
1000 3567 1248 3648 quando
1290 3567 1520 3632 adoras
1560 3586 1782 3633 aureos
2150 3594 2153 3597 ¹

565 3662 800 3730 Currus
841 3664 925 3730 ad
964 3664 1187 3731 aedem
1228 3669 1402 3731 actos
1443 3663 1664 3731 Jovis‘?
