2946 4583
672 471 756 532 es
1351 465 1508 530 Lm.
1552 465 1667 546 111,
1706 469 1767 529 3.

921 650 1055 714 Nee
1094 647 1271 731 ponit
1311 645 1481 711 baud
1522 652 1805 730 sumptas
1846 663 2095 711 secures

590 754 674 815 20
1000 745 1276 812 Arbitrio
1317 744 1639 829 popularis
1680 761 1890 809 aurae.

838 929 1055 995 Virtus
1092 924 1424 993 recludens
1464 925 1790 990 immeritis
1832 926 1988 990 mori

838 1025 1092 1094 coelum
1135 1042 1255 1089 nee
1293 1029 1432 1089 atra
1471 1023 1662 1088 sentit
1700 1023 1819 1087 iter
1858 1022 1987 1101 via,

922 1124 1276 1204 Coetusque
1313 1120 1613 1203 vulgares
1654 1125 1718 1183 et
1756 1119 1946 1184 udam

591 1229 676 1291 24
1003 1218 1258 1306 Spernit
1298 1217 1553 1282 humum
1593 1213 1881 1299 fugiente
1920 1236 2147 1301 penna.

838 1406 957 1472 Est
995 1407 1061 1468 et
1097 1400 1271 1465 fideli
1311 1404 1448 1464 tuta
1489 1397 1738 1465 silentio

837 1502 1108 1578 meroem
1149 1496 1396 1574 vetab0‚
1437 1496 1545 1577 qui
1585 1494 1833 1559 Cereris
1874 1512 2123 1560 suerum

920 1596 1215 1681 Vulgarit
1254 1610 1547 1671 areanae,
1585 1589 1703 1656 sub
1741 1591 1945 1656 isdem

592 1703 676 1766 28
1005 1695 1105 1761 Sit
1143 1692 1425 1759 trabibus
1463 1687 1841 1772 fragilemve
1881 1707 2123 1754 meeum

840 1877 1060 1943 Solvat
1100 1871 1427 1956 phaselon:
1471 1887 1664 1953 saepe
1703 1867 2019 1953 Diespiter

839 1971 1180 2054 Negleetus
1220 1970 1458 2033 ineesto
1499 1964 1747 2030 addidit
1785 1966 2129 2049 integrum3

924 2071 1092 2134 Raro
1133 2063 1603 2131 antecedentem
1644 2061 1971 2128 seeleatum

594 2175 675 2240 32
1005 2165 1300 2232 Deseruit
1338 2163 1502 2249 pede
1540 2162 1756 2228 Poena
1794 2159 2036 2227 claudo.

1534 2446 1647 2511 111.

1356 2593 1445 2650 An
1482 2590 1851 2651 Aufluswn.

667 2700 806 2754 Laus
834 2695 966 2761 justi
999 2695 1100 2748 viri
1135 2698 1189 2748 et
1223 2703 1402 2745 sermo
1433 2692 1657 2745 lunonis
1701 2693 1755 2745 in
1807 2692 2029 2746 consilio
2064 2692 2287 2747 deorum
2324 2694 2391 2749 de
2434 2696 2589 2761 Troia

666 2783 722 2835 in
757 2783 1073 2843 perpetuum
1131 2774 1410 2838 exstincta,
1464 2774 1610 2826 unde
1661 2775 1889 2837 intenigi
1939 2775 2051 2826 vult
2090 2773 2267 2841 poeta,
2316 2777 2587 2841 antiquam

665 2858 994 2925 reipublicae
1028 2858 1278 2910 Romanae
1315 2855 1540 2908 formam
1577 2866 1862 2919 numquam
1900 2865 2024 2907 esse
2060 2858 2436 2912 revocandam.

848 2969 902 3077 J
916 3010 1121 3071 ustum
1159 2999 1409 3082 integro
1453 3016 1596 3063 eum
1637 2999 1953 3083 proposito
1993 3000 2203 3064 virum

845 3105 990 3172 Non
1029 3098 1262 3164 eivium
1301 3094 1492 3161 ardor
1534 3115 1735 3181 prava
1763 3094 2140 3178 jubentium,

929 3201 1070 3265 Non
1111 3195 1323 3263 vultus
1362 3193 1657 3259 instantis
1698 3192 1957 3278 tyranni
1998 3210 2079 3258 ex

601 3312 642 3372 4
1011 3295 1178 3360 Paee
1217 3291 1417 3374 quatit
1455 3290 1658 3357 solida
1698 3309 1899 3373 neque
1939 3291 2189 3370 Auster,

848 3483 998 3565 Dux
1037 3476 1296 3560 inquieti
1336 3472 1622 3540 turbidus
1663 3471 1969 3552 Hadriae,

847 3580 983 3646 Neo
1021 3575 1409 3643 fulminantis
1448 3589 1687 3654 magna
1726 3588 1950 3635 manus
1990 3568 2202 3650 Jovis3

933 3675 1005 3742 Si
1046 3675 1282 3740 fractus
1323 3670 1611 3738 illabetur
1651 3666 1851 3746 urbia,

602 3785 643 3842 8
1013 3770 1409 3855 Impavidum
1450 3766 1675 3832 ferient
1713 3763 1949 3829 ruinae.
