2946 4583
1123 437 1281 504 LIB.
1323 439 1434 519 IV,
1478 440 1537 504 7.

589 626 781 703 Diva,
822 620 1131 706 producas
1173 622 1451 687 subolem
1494 625 1865 704 patrumque

589 726 928 807 Prosperes
971 719 1227 786 decreta
1268 738 1454 800 super
1487 716 1793 801 jugandis

593 823 872 888 Feminis
915 822 1226 905 prolisque
1266 835 1470 883 novae
1513 814 1783 881 feracem

677 922 912 1005 Legem
954 915 1297 985 adamaris!

599 1102 850 1168 Fertilis
890 1098 1143 1183 frugum
1183 1097 1424 1182 potiore
1464 1092 1681 1160 Tellus

594 1204 821 1287 Spicea
864 1199 1056 1264 donet
1096 1198 1390 1262 Cererem
1432 1211 1692 1271 corona3

597 1300 897 1367 Nutriant
937 1298 1100 1361 fetus
1142 1298 1206 1357 et
1245 1309 1446 1374 aquae
1486 1289 1768 1356 salubres

679 1398 763 1462 Et
807 1395 986 1460 Jovis
1028 1409 1237 1459 aurae.

603 1578 804 1641 Roma
845 1574 899 1639 si
941 1579 1215 1640 vestrum
1259 1576 1354 1637 est
1393 1585 1551 1652 opus
1593 1564 1710 1631 flio
1751 1583 1829 1631 ac
1868 1583 2031 1647 quae

607 1675 782 1739 Litus
824 1673 1154 1738 Etruscum
1198 1667 1396 1732 tenuit
1437 1670 1712 1731 cremato

601 1770 795 1837 Jussa
837 1790 985 1855 pars
1026 1777 1272 1835 mutare
1313 1764 1509 1866 Lares
1550 1767 1615 1828 et
1654 1761 1856 1828 urbes

683 1868 950 1952 Hospita
991 1866 1245 1943 struxit,

604 2050 776 2126 Quas
818 2047 902 2114 ad
943 2047 1200 2112 audenti
1244 2044 1381 2109 sine
1420 2039 1645 2106 fraude
1686 2040 1847 2124 proli

603 2149 829 2213 Castus
873 2147 1124 2211 Aeneas
1167 2141 1411 2226 patriae
1453 2144 1772 2221 superstes

604 2245 901 2311 Liberum
944 2241 1210 2308 munivit
1249 2241 1388 2319 iter,
1430 2237 1730 2302 daturum.

607 2343 800 2408 Plura
840 2339 1099 2418 relictis3

613 2523 715 2602 Di,
757 2521 985 2606 probos
1031 2537 1234 2584 mores
1276 2514 1496 2580 docilis
1528 2513 1849 2596 juventae,
1958 2495 1967 2502 ⁶

611 2620 719 2699 Di,
761 2618 1099 2686 senectutis
1139 2613 1424 2700 placidae
1465 2613 1735 2693 quietem

613 2718 919 2783 Romulae
960 2714 1134 2798 genti
1179 2712 1345 2792 date,
1388 2728 1642 2791 remque
1681 2706 1842 2772 felix?

696 2816 778 2880 Et
823 2814 1014 2880 decus
1056 2813 1249 2891 omni,

618 2996 734 3062 Cui
771 2996 811 3060 J
815 3014 994 3060 ovem
1035 2993 1235 3058 bobus
1277 3008 1587 3056 venerans
1627 2986 1909 3071 peral‘bis·

620 3095 843 3160 Clarus
883 3090 1198 3156 Anchisae
1239 3089 1628 3165 Venerisque
1669 3083 1940 3166 sangvis

619 3192 914 3273 Imperat,
957 3187 1230 3253 bellante
1271 3183 1459 3266 prior,
1502 3183 1811 3265 jacentem

710 3288 900 3352 Lenis
943 3287 1008 3350 in
1051 3281 1324 3349 hostem!

628 3451 668 3515 J
671 3470 773 3514 am
818 3448 979 3513 mari
1018 3453 1307 3526 terraque
1347 3461 1600 3508 manum
1643 3446 1958 3526 potentem

631 3545 852 3611 Medus
894 3544 1294 3624 Albanasque
1334 3543 1513 3606 timet
1554 3558 1820 3617 secures,

635 3646 781 3711 Jam
828 3641 1105 3723 Scythae
1145 3658 1445 3722 responsa
1489 3642 1726 3720 petunt,
1770 3630 2023 3717 superbi

720 3741 953 3822 Nuper,
997 3746 1060 3801 et
1100 3736 1260 3801 Indi.

2132 440 2248 504 117

2256 914 2335 977 12

2257 1389 2349 1451 162

2282 3259 2365 3335 32

2292 3725 2375 3786 36
