2946 4583
1140 449 1296 515 LIB.
1340 446 1423 531 11,
1469 458 1564 519 19.

786 629 1086 695 Truditur
1130 630 1266 698 dies
1311 633 1415 699 die

621 728 681 793 N
683 748 961 811 ovaeque
1003 738 1277 815 pergunt
1319 732 1574 797 interire
1615 733 1828 812 lunae3

789 827 889 891 Tu
931 828 1205 893 secanda
1248 849 1561 894 marmora
1923 829 1926 831 ’

623 922 826 990 Locas
869 926 984 990 sub
1027 927 1230 1012 ipsum
1273 925 1482 1006 funus,
1524 932 1587 992 et
1628 928 1913 1011 sepulcra

786 1021 1198 1088 Summovens
1241 1023 1428 1089 struis
1470 1024 1690 1090 domos

621 1118 907 1202 Matique
946 1121 1186 1199 Baiano
1227 1119 1640 1205 obstrepente
1653 1121 1874 1205 jungis

785 1220 922 1284 Ima
962 1219 1122 1284 suda
1161 1219 1322 1285 litori
1337 1267 1352 1296 ‚

619 1314 850 1381 Parum
892 1316 1168 1399 locuples
1210 1318 1565 1382 continente
1606 1316 1762 1400 ripa.

787 1411 973 1493 Quid,
1016 1414 1184 1496 quod
1226 1433 1422 1497 usque
1463 1413 1782 1497 proximos
1822 1423 1827 1428 ’

619 1508 898 1575 Revellis
937 1513 1080 1595 agri
1121 1513 1419 1577 terminos
1461 1516 1525 1576 et
1565 1511 1728 1577 ultra

786 1601 1049 1674 Limites
1090 1610 1405 1675 clientium

620 1702 784 1769 Salis
829 1707 1101 1772 avarus?
1144 1707 1403 1773 Pellitur
1443 1712 1741 1790 paternos

780 1804 853 1868 In
897 1804 1041 1869 sinu
1075 1804 1289 1870 ferens
1335 1803 1488 1870 deos

618 1900 701 1965 Et
739 1920 896 1966 uxor
939 1908 1003 1967 et
1042 1904 1142 1968 vir
1185 1900 1592 1983 sordidosque
1632 1908 1831 1968 natos.

780 1998 968 2065 Nulla
1009 2001 1233 2067 certior
1274 2007 1486 2065 tamen

614 2092 886 2177 Rapacis
929 2096 1076 2163 Orci
1117 2097 1318 2163 lineas
1360 2101 1614 2162 tenente

779 2194 996 2259 Turba
1036 2193 1294 2258 divitem
1338 2198 1551 2256 manet

615 2286 967 2370 Ferumque
1008 2297 1072 2356 et
1091 2289 1253 2355 ultro
1275 2286 1569 2355 offendet.
1609 2288 1829 2372 Aequa
1848 2288 2032 2356 tellus

778 2387 1051 2472 Pauperi
1094 2385 1432 2453 recluditur

613 2482 988 2568 Regumque
1028 2485 1265 2570 primis.
1309 2484 1521 2550 Vexat
1557 2483 1691 2550 ales
1731 2483 1989 2551 haustor

775 2583 1087 2650 Callidum
1127 2580 1503 2649 Promethea.

613 2679 837 2747 Refixa
877 2682 957 2745 ob
999 2681 1146 2747 Orci
1187 2686 1426 2764 saepta.
1469 2678 1594 2756 Qui
1634 2679 1969 2764 superbum

783 2779 1122 2844 Tantalum
1163 2785 1350 2862 atque
1391 2778 1646 2844 Tantali

610 2873 830 2943 Genus
870 2883 1131 2958 coe‘rcet,
1172 2875 1277 2942 hic
1318 2876 1533 2942 levare
1573 2876 1850 2943 functum

774 2975 1121 3059 Pauperem
1162 2973 1479 3042 laboribus

611 3069 884 3138 Vocatus
926 3082 1114 3157 atque
1155 3093 1281 3140 non
1321 3075 1585 3137 vocatus
1626 3068 1834 3136 audet.

1258 3335 1421 3401 XIX

1095 3451 1350 3509 LAUDES
1385 3447 1616 3506 BAccm

1009 3552 1076 3604 ad
1109 3553 1391 3606 ridiculum
1427 3551 1685 3603 detortae.

614 3628 955 3736 Bacchum
996 3667 1061 3730 in
1104 3664 1356 3730 remotis
1397 3662 1676 3729 carmina
1713 3661 1971 3745 rupibus

609 3764 776 3830 Audi
816 3764 1139 3828 docentem
1181 3760 1428 3827 reddita
1468 3763 1610 3842 post
1650 3757 1837 3824 choro

2202 458 2276 519 61

2286 742 2365 802 16

2288 1128 2369 1189 20

2283 1516 2365 1577 24

2280 1904 2362 1965 28

2279 2293 2396 2362 32.

2270 3074 2354 3135 40
