2946 4583
1145 439 1301 506 Lm.
1344 441 1396 522 1,
1439 445 1538 506 18.
2159 449 2261 545 x21

590 666 593 669 .
652 616 778 680 Hic
818 615 886 680 in
927 616 1189 684 reducta
1230 619 1395 684 valle
1436 621 1774 688 Caniculae
1860 684 1874 689 -

649 712 898 778 Vitabis
940 721 1169 795 aestus,
1211 717 1504 781 taediane
1546 725 1609 782 et
1647 718 1773 784 fide

729 809 951 874 Disces
992 812 1334 878 laborantis
1374 814 1619 879 minora

814 907 1177 991 Penelopes,
1220 916 1477 975 uterove
1517 911 1751 975 Circes.
2263 915 2345 977 20

649 1082 769 1145 Hic
811 1082 1159 1149 innocentis
1201 1086 1425 1168 pocula
1468 1087 1682 1152 Lesbii

650 1180 857 1243 Duces
899 1181 1014 1244 sub
1057 1182 1297 1261 umbra,
1341 1203 1458 1247 nec
1500 1183 1819 1248 Semeleus
1859 1184 2024 1248 male

728 1275 885 1339 Cum
929 1277 1131 1342 Marte
1174 1277 1511 1343 confundet
1552 1280 1788 1343 Diones

814 1370 1081 1451 Proelia,
1126 1392 1242 1437 nec
1283 1383 1525 1439 metues
1566 1381 1923 1456 protervum
2261 1379 2345 1440 24

649 1549 952 1631 Suspecta
994 1550 1249 1631 Cyrum,
1293 1569 1373 1614 ne
1416 1550 1721 1630 muliebri,
1764 1556 1831 1614 ut
1872 1568 1970 1630 es,

644 1645 1107 1710 Incontinentes
1148 1645 1385 1727 injiciat
1425 1666 1649 1711 manus

722 1741 807 1804 Et
849 1741 1093 1805 scindat
1133 1742 1494 1807 haerentem
1540 1762 1833 1815 coronam

811 1838 1103 1904 Crinibus
1145 1840 1639 1921 immeritamque
1680 1843 1937 1904 vestem.
2258 1841 2342 1901 28

1227 2183 1462 2248 XVIII.

1167 2330 1255 2386 Ah
1291 2330 1545 2399 VARUM,

561 2475 716 2525 quem
772 2462 1095 2524 adhortatur,
1155 2433 1211 2513 ut
1263 2463 1384 2513 vino
1441 2464 1674 2513 animum
1728 2461 1989 2512 exhilaret
2026 2464 2079 2513 et
2109 2462 2338 2514 laetiora

559 2546 723 2605 fingat
757 2544 1007 2594 carmina.

358 2620 661 2731 Nullam,
704 2655 891 2729 Vare,
934 2670 1113 2717 sacra
1155 2654 1282 2717 vite
1323 2655 1496 2736 prius
1539 2653 1778 2717 severis
1818 2652 2126 2732 arborem,
2163 2658 2231 2717 et

359 2754 543 2817 Circa
583 2751 732 2814 mite
774 2749 971 2814 solum
1015 2749 1269 2813 Tiburis
1310 2769 1389 2814 ex
1431 2768 1617 2813 mane
1660 2750 1957 2813 cuticulas

360 2853 574 2916 Siccas
617 2849 867 2925 damna,
910 2845 995 2910 ibi
1038 2865 1118 2908 ne
1161 2845 1318 2910 dura
1360 2845 1498 2910 dies
1541 2851 1737 2927 repat,
1779 2844 1886 2907 ubi
1928 2844 2049 2909 nisi
2090 2844 2189 2908 his

359 2946 687 3011 Mordaces
731 2943 919 3007 alitae
960 2942 1296 3023 diffugiunt
1338 2943 1799 3007 sollicitudines.
2303 2944 2344 3004 4

361 3042 515 3117 Quis
556 3048 698 3124 post
739 3041 887 3105 vina
930 3057 1189 3121 gravem
1235 3037 1518 3102 militiam
1562 3046 1669 3103 aut
1711 3036 2070 3120 pauperiem
2116 3036 2341 3100 canat?

362 3138 516 3213 Quis
558 3157 685 3202 non
727 3144 791 3201 te
832 3137 1056 3218 potius,
1101 3136 1344 3199 Bacche
1387 3143 1584 3217 pater,
1616 3141 1816 3213 teque,
1839 3133 2068 3197 decens
2089 3132 2342 3197 Venus?

360 3237 454 3298 Ac
497 3254 615 3313 me,
657 3232 929 3297 candida
971 3251 1050 3295 ne
1092 3231 1470 3294 transsiliam
1515 3249 1771 3294 munera
1815 3229 2055 3307 Liberi,

362 3331 715 3394 Centaurea
758 3337 978 3394 monet.
1009 3348 1143 3392 cum
1192 3327 1477 3409 Lapithis
1518 3326 1661 3389 rixa
1704 3345 1889 3407 super
1931 3345 2102 3389 mero
2306 3328 2345 3387 8

365 3426 712 3505 Debellata,
756 3433 964 3490 monet
1008 3423 1307 3488 Sithoniis
1351 3444 1473 3486 non
1519 3423 1675 3486 levis
1718 3424 1934 3499 Evius,

365 3524 569 3599 Quum
613 3524 708 3587 fas
751 3532 936 3603 atque
978 3521 1156 3586 nefas
1199 3521 1346 3583 laxa
1390 3526 1606 3599 vetant
1648 3518 1823 3581 frena
1866 3518 2193 3582 libidinum

365 3620 653 3684 Discerni
696 3620 983 3683 madidis.
1069 3619 1210 3683 Non
1255 3636 1374 3697 ego
1419 3636 1575 3696 sum,
1620 3621 1700 3691 te,
1742 3614 1844 3694 pie
1885 3615 2216 3691 Bassareu,

368 3715 496 3790 Qui
511 3718 707 3782 invito
727 3716 1022 3779 incutiam
1046 3732 1163 3776 nec
1181 3715 1444 3778 Veneris
1475 3714 1578 3793 qui
1610 3711 1813 3776 obsita
1834 3710 2156 3776 frondibus
2269 3712 2346 3771 12
