2946 4583
1154 410 1310 475 LIB.
1355 414 1469 492 III,
1513 417 1612 490 21,

1297 594 1445 658 XX.

1141 739 1228 795 AD
1264 741 1595 801 PYRRHUM.

716 849 890 955 Non
940 885 1145 966 videS,
1188 893 1419 969 quanto
1461 910 1717 959 moveas
1760 899 2010 980 periclO,

711 984 976 1067 Pyrrhe,
1018 984 1324 1049 Gaetulae
1367 988 1605 1055 catulos
1648 993 1947 1060 leaenae?

708 1083 886 1147 Dura
929 1087 1070 1164 post
1110 1082 1296 1165 paulo
1340 1084 1671 1167 fugiuntne
1713 1099 1795 1172 te,
1838 1096 2067 1172 audax,

786 1180 1057 1259 Proelia,
1101 1180 1355 1262 raptor?

699 1393 848 1458 Jam
891 1413 1004 1477 per
1047 1393 1369 1460 obstantes
1400 1394 1706 1478 juvenum
1751 1409 2037 1469 catervas

704 1492 831 1556 Ibit
873 1492 1186 1573 insignem
1229 1501 1519 1576 repetens
1561 1496 1941 1565 Nearchum:

697 1589 900 1654 Cerno
944 1595 1284 1669 certamen3
1329 1592 1441 1656 tibi
1487 1593 1717 1677 praeda
1766 1596 1978 1679 cedat,

787 1687 1000 1766 Miror,
1043 1706 1125 1751 an
1169 1685 1276 1751 illi.

693 1899 972 1980 Interim,
1014 1900 1163 1965 dum
1206 1907 1274 1965 tu
1317 1901 1554 1969 eeleres
1604 1908 1871 1989 sagittas

695 1998 959 2077 Promis,
1002 1998 1158 2064 haee
1200 1996 1420 2065 dentes
1462 2004 1634 2069 acuit
1676 2006 2009 2086 timendos,

690 2098 942 2161 Arbiter
984 2116 1238 2180 pugnae
1278 2101 1564 2181 posuisse
1604 2104 1773 2169 nudo

777 2193 909 2258 Sub
952 2193 1114 2275 pede
1155 2195 1429 2276 palmam

690 2407 921 2472 Fertur
962 2412 1025 2472 et
1067 2407 1193 2472 leni
1235 2428 1519 2476 recreare
1561 2421 1749 2480 vento

689 2503 992 2588 Sparsum
1035 2504 1316 2573 odoratis
1369 2509 1697 2576 humerum
1741 2514 2001 2596 eapilliS,
2111 2498 2117 2505 ⁸

690 2601 909 2679 Qualis
952 2610 1061 2669 aut
1102 2604 1330 2670 Nireus
1374 2607 1492 2674 fuit
1536 2617 1644 2676 aut
1686 2631 1922 2694 aquosa

772 2703 1015 2787 Raptus
1057 2704 1139 2768 ab
1180 2702 1314 2770 Ida.

1250 3137 1431 3201 XXI.

1096 3282 1185 3338 AD
1220 3283 1597 3343 AMPHORAM.

681 3386 777 3497 Ο
819 3436 971 3496 nata
1013 3448 1254 3496 meeum
1296 3433 1549 3498 consule
1589 3434 1824 3499 Manlio

681 3528 808 3594 Seu
849 3535 917 3594 tu
960 3529 1244 3610 querelas
1283 3532 1547 3596 verteris
1588 3531 1655 3594 in
1686 3530 1864 3612 joeos

759 3628 886 3693 Seu
926 3629 1129 3692 rixam
1173 3636 1235 3693 et
1275 3629 1530 3694 insanos
1571 3647 1816 3693 amores

846 3725 921 3805 In
964 3724 1228 3805 facilem,
1271 3727 1378 3808 pia
1417 3731 1600 3806 testa,
1641 3745 1945 3805 somnum,

2207 427 2287 486 93

2269 2205 2347 2267 12

2262 2712 2340 2773 16
