2946 4583
630 437 708 498 92
1306 427 1461 491 LIB.
1507 427 1620 505 ΙΙΙ,
1665 427 1764 488 19.

1441 607 1621 672 ΧΙΧ.

751 757 1163 817 EXHORTATIO
1197 756 1284 812 AD
1323 753 1716 812 SUBITARIAM
1753 752 2314 816 GOMPOTATIONEM,

687 874 843 926 quam
881 860 1054 924 poeta,
1094 858 1245 921 quasi
1282 869 1369 910 res
1400 857 1510 919 jam
1558 863 1793 918 geratur,
1849 856 1947 905 sub
2004 854 2308 916 adspectum
2359 863 2538 914 paene

694 944 921 1007 subjicit..

851 1054 1204 1186 Quantum
1251 1087 1439 1151 distet
1482 1083 1562 1148 ab
1603 1080 1835 1160 Inacho

718 1192 962 1256 Codrus
1004 1210 1116 1273 pro
1159 1186 1364 1271 patria
1406 1201 1531 1245 non
1576 1176 1829 1242 timidus
1872 1178 2047 1261 mori,

886 1288 1120 1352 Narras
1164 1290 1225 1349 et
1267 1300 1469 1366 genus
1515 1278 1708 1342 Aeaci
1748 1285 1809 1340 et

557 1396 596 1452 4
722 1390 1100 1470 Depugnata
1143 1400 1320 1445 sacro
1363 1380 1529 1445 bella
1572 1377 1685 1441 sub
1729 1375 1873 1451 Ili03

888 1479 1024 1557 Quo
1066 1480 1289 1544 Chium
1333 1478 1534 1561 pretio
1578 1473 1799 1538 cadum

724 1583 1091 1656 Mercemur,
1134 1576 1272 1659 quis
1315 1595 1476 1657 aqua
1521 1577 1836 1653 comparet
1876 1568 2165 1651 igneum,

888 1677 1022 1751 Quo
1065 1674 1405 1757 praebente
1448 1672 1699 1736 domum
1742 1673 1804 1731 et
1846 1674 2034 1748 quota

563 1784 601 1840 8
731 1774 1012 1856 Pelignis
1055 1790 1304 1834 caream
1346 1767 1705 1852 frigoribuS,
1748 1773 1935 1828 taces.

891 1872 993 1935 Da
1035 1870 1221 1932 lunae
1267 1884 1528 1951 propere
1571 1880 1791 1939 novae,

728 1973 830 2035 Da
869 1968 1069 2034 noctis
1114 1966 1376 2044 mediae,
1419 1964 1521 2041 da,
1564 1979 1742 2045 puer,
1783 1956 2045 2039 auguris

897 2068 1211 2132 Murenae.
1296 2062 1545 2136 Tribue‚
1586 2059 1853 2139 impero,

569 2172 648 2232 12
733 2166 1066 2231 Miscentor
1110 2162 1356 2244 cyathis
1406 2156 1624 2241 pocula
1666 2150 2016 2217 commoda:

897 2262 1018 2339 Qui
1061 2262 1274 2326 Musas
1317 2256 1428 2322 sed
1471 2260 1639 2319 amat
1683 2269 1928 2328 novem,

733 2364 973 2426 Ternos
1015 2359 1313 2422 attonitus
1357 2362 1450 2417 ter
1494 2349 1755 2433 cyathos
1797 2356 1967 2432 petet

895 2459 1116 2532 Vates;
1157 2461 1252 2518 ter
1294 2449 1580 2534 prohibet
1622 2466 1811 2530 supra

577 2565 656 2625 16
739 2557 1041 2621 Rixarum
1085 2562 1363 2617 metuens
1405 2548 1625 2612 indere
1666 2543 1888 2609 Gratia

900 2653 1102 2719 Nudis
1140 2650 1350 2731 juncta
1393 2644 1723 2710 sororibus.

737 2752 1021 2817 Insanire
1053 2748 1265 2831 juvat3
1308 2762 1416 2807 cur
1459 2739 1872 2822 Berecyntiae

907 2848 1170 2912 Cessant
1210 2842 1469 2906 flamina
1511 2835 1743 2901 tibiae?

578 2956 658 3015 20
741 2948 870 3012 Cur
911 2942 1142 3028 pendet
1183 2939 1373 3003 tacita
1411 2934 1617 2998 fistula
1660 2951 1797 2995 cum
1843 2928 2025 3011 lyra?

906 3043 1179 3129 Parcens
1221 3036 1323 3118 qui
1359 3032 1471 3097 tibi
1513 3030 1836 3094 dexteram

741 3142 957 3218 Redis),
1000 3154 1229 3220 sparge
1273 3131 1475 3196 rosas!
1520 3127 1754 3194 Audiat
1793 3124 2049 3201 invidus

909 3239 1274 3300 Dementem
1317 3228 1640 3310 strepitum
1684 3224 1895 3304 Lycus

579 3345 663 3404 24
743 3339 826 3402 Et
868 3334 1074 3400 vicina
1116 3327 1249 3392 seni
1294 3345 1419 3388 non
1464 3321 1688 3385 habilis
1731 3319 1933 3400 Lyco!

912 3431 1148 3514 Sparsa
1186 3432 1251 3488 te
1292 3419 1492 3486 nitida
1534 3438 1612 3481 en
1655 3434 1851 3492 coma,

664 3534 834 3598 Puro
876 3536 939 3593 te
980 3525 1219 3600 similia,
1262 3516 1563 3601 Telephe,
1604 3531 1867 3595 vespero

922 3624 1125 3700 Quam
1167 3620 1396 3684 festiva
1434 3613 1593 3697 petit
1634 3610 1853 3674 Chloe!

588 3735 669 3795 28
751 3727 854 3798 Me
895 3722 1100 3787 lentus
1141 3718 1454 3799 Glycerae
1496 3710 1683 3773 durat
1724 3727 1898 3772 amor
1942 3721 2138 3768 meae.

1504 3861 1666 3872 ---
