2946 4583
1171 439 1324 504 LIB.
1369 441 1450 519 ΙΙ,
1496 445 1551 505 5.

563 615 835 689 Brachia
877 624 939 683 et
981 620 1218 683 vultum
1260 624 1611 700 teretesque
1653 638 1832 683 suras

564 714 821 798 Integer
865 717 1077 782 laudo:
1123 715 1275 798 fuge
1319 717 1645 800 suspicari,

563 810 754 895 Cujus
795 821 1082 880 octavum
1125 814 1464 898 trepidavit
1506 823 1683 879 aetas

686 910 995 978 Claudere
1037 915 1316 985 lustrum.

1265 1082 1460 1094 .—.—-—

1323 1261 1400 1324 V.

950 1406 1038 1464 Al)
1074 1407 1429 1466 ΑΜΑΤΟΒΕΜ
1465 1408 1784 1467 LALAGES.

561 1549 889 1657 Nondum
931 1588 1194 1653 subacta
1235 1587 1398 1653 ferre
1429 1587 1656 1670 jugum
1699 1590 1870 1654 valet

561 1685 842 1763 Cervice‚
884 1684 1161 1750 nondum
1205 1687 1418 1751 munia
1459 1687 1768 1769 comparis

642 1782 937 1864 Aequare
978 1802 1095 1848 nec
1136 1785 1304 1849 tauri
1345 1785 1584 1850 ruentis

722 1881 799 1944 In
841 1899 1135 1945 venerem
1176 1882 1442 1947 tolerare
1486 1882 1747 1967 pondus.

562 2062 746 2127 Circa
788 2062 1064 2126 virentes
1105 2069 1202 2127 est
1243 2065 1493 2128 animus
1536 2070 1683 2128 tuae

563 2160 835 2242 Campos
866 2159 1197 2241 juvencae,
1240 2179 1404 2224 nunc
1445 2158 1655 2223 fluviis
1698 2179 1957 2240 gravem

645 2256 922 2322 Solantis
964 2262 1226 2335 aestum,
1270 2275 1436 2320 nunc
1480 2257 1544 2320 in
1589 2257 1713 2322 udo

727 2352 975 2418 Ludere
1019 2371 1158 2416 cum
1200 2354 1411 2419 vitulis
1453 2356 1671 2420 salicto

558 2533 1070 2619 Praegestientis.
1156 2536 1338 2600 Tolle
1381 2539 1762 2622 cupidinem,

563 2634 731 2697 Dum
774 2632 942 2697 mitis
988 2650 1149 2696 uvae
1181 2632 1315 2715 jam
1358 2635 1472 2699 tibi
1516 2637 1741 2702 lividos

646 2730 1009 2811 Distingvet
1050 2736 1417 2795 auctumnus
1457 2752 1745 2801 racemos

726 2827 1052 2909 Purpureo
1094 2828 1291 2893 variis
1333 2827 1555 2895 colore.

564 3010 710 3075 Jam
751 3016 816 3075 te
855 3016 1174 3092 sequetur3
1218 3011 1411 3076 currit
1454 3012 1619 3076 enim
1661 3013 1838 3081 ferox

561 3108 755 3173 Aetas
797 3115 859 3174 et
899 3107 1010 3187 illi,
1054 3126 1214 3190 quae
1258 3108 1427 3173 haud
1469 3109 1585 3173 tibi
1630 3111 1998 3195 dempserit,

644 3204 938 3290 Apponet
977 3225 1206 3270 annus:
1249 3205 1375 3288 jam
1418 3213 1711 3289 proterva

737 3301 971 3366 Fronte
1013 3307 1182 3385 petet
1223 3302 1463 3384 Lalage
1504 3305 1816 3386 maritum,

564 3481 812 3561 Delata,
855 3482 1166 3564 quondam
1211 3502 1329 3566 quo
1373 3484 1608 3552 Pholo&
1649 3488 1866 3571 fugax,

565 3574 702 3653 Quo
744 3578 989 3644 Chloris
1030 3581 1174 3645 albo
1217 3582 1306 3646 sic
1348 3581 1604 3647 humero
1646 3603 1899 3668 nocens²

645 3674 731 3739 Ut
771 3676 953 3759 plura
993 3684 1173 3743 nocte
1216 3696 1342 3742 una
1380 3679 1652 3745 renudat

734 3771 943 3837 Prona
984 3775 1142 3838 mari
1184 3775 1413 3840 Cnidia
1454 3797 1613 3842 arva
1652 3778 1906 3864 Gyges3

2194 445 2274 504 45

2278 913 2359 973 24

2279 2841 2357 2904 12

2276 3277 2356 3377 16

2275 3786 2357 3847 20
