2946 4583
1125 449 1280 517 ΜΒ.
1324 429 1433 529 lv,
1477 447 1549 512 8.·
2117 445 2239 507 119

423 638 647 702 Gratia
689 656 827 699 cum
872 632 1184 716 Nymphis
1228 630 1618 712 geminisque
1660 624 1976 690 sororibus
2019 623 2209 689 audet

592 737 836 799 Ducere
867 730 1045 795 nuda
1090 729 1327 793 choros.
1582 807 1585 810 A

425 833 805 896 Immortalia
846 850 927 894 ne
971 830 1189 911 spireS,
1234 832 1441 891 monet
1484 840 1686 888 annus
1729 827 1792 886 et
1833 818 2067 884 almum

589 927 767 1003 Quae
808 929 977 1011 rapit
1018 927 1171 990 hora
1213 924 1399 987 diem.
2288 917 2328 976 8

438 1027 704 1107 Frigora
746 1027 1075 1090 mitescunt
1117 1022 1445 1105 Zephyris,
1489 1038 1600 1083 ver
1642 1016 1901 1100 proterit
1941 1017 2150 1077 aestas

592 1123 943 1199 Interitura,
986 1121 1169 1185 simul

428 1220 703 1285 Pomifer
745 1227 1112 1284 auctumnus
1154 1216 1373 1299 fruges
1417 1212 1723 1289 effuderit,
1766 1217 1830 1275 et
1873 1229 2018 1274 mox

595 1320 827 1382 Bruma
868 1315 1130 1379 recurrit
1171 1316 1357 1378 iners.
2251 1306 2332 1393 12

433 1418 681 1480 Damna
723 1415 820 1479 sui
863 1414 1106 1477 Clarius
1150 1413 1401 1492 reparat
1442 1408 1597 1473 coeli
1642 1407 1852 1472 omnia
1897 1405 2116 1471 Titan:

601 1513 749 1590 NOS,
794 1511 900 1575 ubi
944 1509 1312 1586 decidimus,

431 1610 566 1687 Quo
610 1611 751 1694 pius
794 1609 1125 1685 Anchisae,
1168 1626 1287 1688 quo
1333 1605 1535 1669 Divae
1576 1601 1838 1685 sangvis
1879 1600 2140 1679 inultus,

599 1708 810 1772 Pulvis
855 1713 916 1771 et
957 1706 1179 1769 umbra
1221 1711 1405 1768 tenet.
2262 1699 2336 1759 16

436 1805 589 1882 Quis
631 1807 764 1884 scit,
808 1824 889 1867 an
919 1802 1232 1884 adjiciant
1273 1801 1614 1865 hodiernae
1657 1796 1934 1863 crastina
1974 1812 2256 1859 summae

602 1905 914 1985 Tempora
957 1900 1020 1964 di
1065 1898 1315 1982 superi?

436 2004 676 2067 Cuncta
725 2017 944 2063 manus
987 1996 1208 2062 avidas
1251 1997 1498 2079 fugient
1540 1993 1808 2071 herediS,
1851 1990 2052 2057 amico

604 2097 779 2173 Quae
821 2096 1069 2160 dederis
1111 2095 1338 2159 animo.
2259 2085 2342 2149 20

440 2197 641 2272 Quum
690 2194 882 2260 semel
925 2192 1226 2256 occideris
1270 2197 1331 2253 et
1374 2188 1456 2252 de
1497 2194 1559 2251 te
1602 2184 1930 2272 splendida
1973 2183 2178 2248 Minos

608 2293 853 2358 Fecerit
896 2289 1184 2368 arbitria,

441 2396 602 2470 Non,
646 2394 979 2471 Torquate,
1023 2407 1244 2470 genus,
1288 2402 1411 2450 non
1458 2391 1520 2448 te
1563 2381 1875 2452 facundia,
1919 2399 2044 2444 non
2086 2386 2150 2444 te

610 2489 917 2552 Restituet
961 2487 1191 2568 pietas3
2264 2478 2345 2540 24

444 2569 711 2637 Infernis
755 2587 953 2649 neque
995 2569 1159 2632 enim
1202 2566 1471 2632 tenebris
1517 2561 1723 2627 Diana
1763 2558 2056 2642 pudicum

611 2668 868 2730 Liberat
912 2665 1340 2747 Hippolytum,

448 2769 579 2832 Nec
622 2762 897 2826 Lethaea
941 2761 1108 2824 valet
1150 2761 1432 2825 Theseus
1475 2757 1844 2836 abrumpere
1885 2771 2029 2817 caro

617 2859 880 2925 Vincula
923 2858 1217 2924 Pirithoo.
1628 2870 1629 2873 ’
2270 2852 2351 2914 28

1278 3187 1448 3250 VIII.

1100 3336 1185 3391 AI)
1224 3331 1640 3392 CENSORINUM.

626 3455 975 3558 Donarem
1018 3492 1268 3569 pateras
1312 3500 1456 3544 aere
1501 3479 1875 3555 Corinthias,

630 3586 987 3662 Censorine‚
1031 3584 1274 3646 minans
1319 3584 1503 3661 grata
1546 3576 1892 3653 sodalibUS,

633 3687 947 3750 Donarem
992 3679 1293 3762 tripodas,
1335 3676 1616 3761 praemia
1659 3674 1906 3738 fortium

638 3782 990 3864 Grajorum,
1033 3797 1234 3858 neque
1277 3786 1340 3840 tu
1385 3774 1658 3857 pessima
1702 3789 2041 3837 munerum.
2326 3769 2365 3826 4
