<?xml version="1.0" encoding="UTF-8"?>
<!DOCTYPE html PUBLIC "-//W3C//DTD XHTML 1.0 Transitional//EN"
    "http://www.w3.org/TR/xhtml1/DTD/xhtml1-transitional.dtd">
<html xmlns="http://www.w3.org/1999/xhtml" xml:lang="en" lang="en">
 <head>
  <title>
</title>
<meta http-equiv="Content-Type" content="text/html;charset=utf-8" />
  <meta name='ocr-system' content='tesseract 3.04.00' />
  <meta name='ocr-capabilities' content='ocr_page ocr_carea ocr_par ocr_line ocrx_word'/>
</head>
<body>
  <div class='ocr_page' id='page_1' title='image "./carminalyricaod00ljungoog_0136.png"; bbox 0 0 2946 4583; ppageno 0'>
   <div class='ocr_carea' id='block_1_1' title="bbox 593 897 675 958">
    <p class='ocr_par' dir='ltr' id='par_1_1' title="bbox 593 897 675 958">
     <span class='ocr_line' id='line_1_1' title="bbox 593 897 675 958; baseline 0.037 -3"><span class='ocrx_word' id='word_1_1' title='bbox 593 897 675 958; x_wconf 85' lang='lat'>24</span> 
     </span>
    </p>
   </div>
   <div class='ocr_carea' id='block_1_2' title="bbox 595 1286 675 1345">
    <p class='ocr_par' dir='ltr' id='par_1_2' title="bbox 595 1286 675 1345">
     <span class='ocr_line' id='line_1_2' title="bbox 595 1286 675 1345; baseline 0.013 -1"><span class='ocrx_word' id='word_1_2' title='bbox 595 1286 675 1345; x_wconf 77' lang='lat'>28</span> 
     </span>
    </p>
   </div>
   <div class='ocr_carea' id='block_1_3' title="bbox 597 1679 675 1738">
    <p class='ocr_par' dir='ltr' id='par_1_3' title="bbox 597 1679 675 1738">
     <span class='ocr_line' id='line_1_3' title="bbox 597 1679 675 1738; baseline 0 -1"><span class='ocrx_word' id='word_1_3' title='bbox 597 1679 675 1738; x_wconf 82' lang='lat'>32</span> 
     </span>
    </p>
   </div>
   <div class='ocr_carea' id='block_1_4' title="bbox 594 2069 677 2128">
    <p class='ocr_par' dir='ltr' id='par_1_4' title="bbox 594 2069 677 2128">
     <span class='ocr_line' id='line_1_4' title="bbox 594 2069 677 2128; baseline -0.012 0"><span class='ocrx_word' id='word_1_4' title='bbox 594 2069 677 2128; x_wconf 83' lang='lat'>36</span> 
     </span>
    </p>
   </div>
   <div class='ocr_carea' id='block_1_5' title="bbox 596 2463 677 2520">
    <p class='ocr_par' dir='ltr' id='par_1_5' title="bbox 596 2463 677 2520">
     <span class='ocr_line' id='line_1_5' title="bbox 596 2463 677 2520; baseline 0 0"><span class='ocrx_word' id='word_1_5' title='bbox 596 2463 677 2520; x_wconf 87' lang='grc'>40</span> 
     </span>
    </p>
   </div>
   <div class='ocr_carea' id='block_1_6' title="bbox 682 427 1810 511">
    <p class='ocr_par' dir='ltr' id='par_1_6' title="bbox 682 427 1810 511">
     <span class='ocr_line' id='line_1_6' title="bbox 682 427 1810 511; baseline 0.011 -26"><span class='ocrx_word' id='word_1_6' title='bbox 682 427 800 486; x_wconf 79' lang='lat'>108</span> <span class='ocrx_word' id='word_1_7' title='bbox 1400 428 1556 493; x_wconf 78' lang='lat' dir='ltr'>Lm.</span> <span class='ocrx_word' id='word_1_8' title='bbox 1601 430 1710 511; x_wconf 87' lang='lat' dir='ltr'>1v,</span> <span class='ocrx_word' id='word_1_9' title='bbox 1752 434 1810 498; x_wconf 84' lang='lat'>2.</span> 
     </span>
    </p>
   </div>
   <div class='ocr_carea' id='block_1_7' title="bbox 758 605 2229 2547">
    <p class='ocr_par' dir='ltr' id='par_1_7' title="bbox 843 605 1550 689">
     <span class='ocr_line' id='line_1_7' title="bbox 843 605 1550 689; baseline 0.011 -22"><span class='ocrx_word' id='word_1_10' title='bbox 843 605 977 668; x_wconf 85' lang='lat' dir='ltr'>Illie</span> <span class='ocrx_word' id='word_1_11' title='bbox 1018 606 1254 689; x_wconf 86' lang='lat' dir='ltr'>Cypria</span> <span class='ocrx_word' id='word_1_12' title='bbox 1295 610 1550 675; x_wconf 83' lang='lat' dir='ltr'>naribus</span> 
     </span>
    </p>

    <p class='ocr_par' dir='ltr' id='par_1_8' title="bbox 762 701 2016 868">
     <span class='ocr_line' id='line_1_8' title="bbox 762 701 2016 793; baseline 0.01 -29"><span class='ocrx_word' id='word_1_13' title='bbox 762 702 967 766; x_wconf 80' lang='lat' dir='ltr'>Duces</span> <span class='ocrx_word' id='word_1_14' title='bbox 1009 701 1197 767; x_wconf 85' lang='lat' dir='ltr'>thura</span> <span class='ocrx_word' id='word_1_15' title='bbox 1239 705 1500 787; x_wconf 74' lang='lat' dir='ltr'>lyr-aque</span> <span class='ocrx_word' id='word_1_16' title='bbox 1542 715 1604 772; x_wconf 91' lang='lat' dir='ltr'>et</span> <span class='ocrx_word' id='word_1_17' title='bbox 1645 709 2016 793; x_wconf 78' lang='lat' dir='ltr'>Berecyntia</span> 
     </span>
     <span class='ocr_line' id='line_1_9' title="bbox 845 800 1442 868; baseline 0.01 -6"><span class='ocrx_word' id='word_1_18' title='bbox 845 800 1247 865; x_wconf 79' lang='lat' dir='ltr'>Delectabere</span> <span class='ocrx_word' id='word_1_19' title='bbox 1290 804 1442 868; x_wconf 86' lang='lat' dir='ltr'>tibia</span> 
     </span>
    </p>

    <p class='ocr_par' dir='ltr' id='par_1_9' title="bbox 758 896 2109 1474">
     <span class='ocr_line' id='line_1_10' title="bbox 760 896 1943 983; baseline 0.011 -25"><span class='ocrx_word' id='word_1_20' title='bbox 760 896 972 960; x_wconf 86' lang='lat' dir='ltr'>Mixtis</span> <span class='ocrx_word' id='word_1_21' title='bbox 1014 900 1300 983; x_wconf 79' lang='lat' dir='ltr'>conjugio</span> <span class='ocrx_word' id='word_1_22' title='bbox 1345 922 1465 965; x_wconf 87' lang='lat' dir='ltr'>non</span> <span class='ocrx_word' id='word_1_23' title='bbox 1512 905 1648 968; x_wconf 89' lang='lat' dir='ltr'>sine</span> <span class='ocrx_word' id='word_1_24' title='bbox 1693 905 1943 983; x_wconf 85' lang='lat' dir='ltr'>fistulis;</span> 
     </span>
     <span class='ocr_line' id='line_1_11' title="bbox 842 995 1530 1080; baseline 0.01 -24"><span class='ocrx_word' id='word_1_25' title='bbox 842 995 976 1057; x_wconf 79' lang='lat' dir='ltr'>Illic</span> <span class='ocrx_word' id='word_1_26' title='bbox 1020 997 1113 1060; x_wconf 89' lang='lat' dir='ltr'>bis</span> <span class='ocrx_word' id='word_1_27' title='bbox 1155 1000 1330 1080; x_wconf 84' lang='lat' dir='ltr'>pueri</span> <span class='ocrx_word' id='word_1_28' title='bbox 1374 999 1478 1063; x_wconf 86' lang='lat' dir='ltr'>die</span> <span class='ocrx_word' id='word_1_29' title='bbox 1526 1021 1530 1025; x_wconf 50' lang='lat'>*</span> 
     </span>
     <span class='ocr_line' id='line_1_12' title="bbox 760 1090 2064 1180; baseline 0.009 -27"><span class='ocrx_word' id='word_1_30' title='bbox 760 1090 1001 1158; x_wconf 87' lang='lat' dir='ltr'>Numen</span> <span class='ocrx_word' id='word_1_31' title='bbox 1039 1113 1181 1172; x_wconf 80' lang='lat' dir='ltr'>eum</span> <span class='ocrx_word' id='word_1_32' title='bbox 1227 1098 1460 1162; x_wconf 87' lang='lat' dir='ltr'>teneris</span> <span class='ocrx_word' id='word_1_33' title='bbox 1504 1100 1854 1180; x_wconf 83' lang='lat' dir='ltr'>virginibus</span> <span class='ocrx_word' id='word_1_34' title='bbox 1896 1109 2064 1165; x_wconf 85' lang='lat' dir='ltr'>tuum</span> 
     </span>
     <span class='ocr_line' id='line_1_13' title="bbox 842 1189 1977 1273; baseline 0.011 -22"><span class='ocrx_word' id='word_1_35' title='bbox 842 1189 1198 1255; x_wconf 72' lang='lat' dir='ltr'>Laudantes</span> <span class='ocrx_word' id='word_1_36' title='bbox 1243 1193 1400 1273; x_wconf 83' lang='lat' dir='ltr'>pede</span> <span class='ocrx_word' id='word_1_37' title='bbox 1442 1197 1709 1260; x_wconf 83' lang='lat' dir='ltr'>candido</span> <span class='ocrx_word' id='word_1_38' title='bbox 1972 1211 1977 1216; x_wconf 86' lang='grc'><em>“</em></span> 
     </span>
     <span class='ocr_line' id='line_1_14' title="bbox 758 1285 2109 1359; baseline 0.008 -11"><span class='ocrx_word' id='word_1_39' title='bbox 758 1285 901 1350; x_wconf 84' lang='lat' dir='ltr'>Jam</span> <span class='ocrx_word' id='word_1_40' title='bbox 948 1309 1175 1353; x_wconf 90' lang='lat' dir='ltr'>morem</span> <span class='ocrx_word' id='word_1_41' title='bbox 1221 1291 1525 1358; x_wconf 81' lang='lat' dir='ltr'>Saliarem</span> <span class='ocrx_word' id='word_1_42' title='bbox 1569 1294 1865 1358; x_wconf 81' lang='lat' dir='ltr'>incutient</span> <span class='ocrx_word' id='word_1_43' title='bbox 1909 1296 2109 1359; x_wconf 90' lang='lat' dir='ltr'>humo.</span> 
     </span>
     <span class='ocr_line' id='line_1_15' title="bbox 843 1386 1730 1474; baseline 0.008 -26"><span class='ocrx_word' id='word_1_44' title='bbox 843 1386 943 1449; x_wconf 81' lang='lat' dir='ltr'>Me</span> <span class='ocrx_word' id='word_1_45' title='bbox 985 1406 1099 1450; x_wconf 84' lang='lat' dir='ltr'>nec</span> <span class='ocrx_word' id='word_1_46' title='bbox 1144 1389 1374 1453; x_wconf 86' lang='lat' dir='ltr'>femina</span> <span class='ocrx_word' id='word_1_47' title='bbox 1418 1410 1533 1454; x_wconf 84' lang='lat' dir='ltr'>nee</span> <span class='ocrx_word' id='word_1_48' title='bbox 1574 1411 1730 1474; x_wconf 85' lang='lat' dir='ltr'>puer</span> 
     </span>
    </p>

    <p class='ocr_par' dir='ltr' id='par_1_10' title="bbox 760 1482 1978 1661">
     <span class='ocr_line' id='line_1_16' title="bbox 760 1482 1978 1567; baseline 0.007 -23"><span class='ocrx_word' id='word_1_49' title='bbox 760 1482 901 1545; x_wconf 81' lang='lat' dir='ltr'>Jam</span> <span class='ocrx_word' id='word_1_50' title='bbox 949 1504 1063 1547; x_wconf 85' lang='lat' dir='ltr'>nee</span> <span class='ocrx_word' id='word_1_51' title='bbox 1106 1506 1249 1567; x_wconf 80' lang='lat' dir='ltr'>spes</span> <span class='ocrx_word' id='word_1_52' title='bbox 1292 1488 1481 1551; x_wconf 81' lang='lat' dir='ltr'>animi</span> <span class='ocrx_word' id='word_1_53' title='bbox 1527 1491 1744 1552; x_wconf 88' lang='lat' dir='ltr'>nuntia</span> <span class='ocrx_word' id='word_1_54' title='bbox 1788 1491 1978 1552; x_wconf 88' lang='lat' dir='ltr'>mutui</span> 
     </span>
     <span class='ocr_line' id='line_1_17' title="bbox 844 1581 1680 1661; baseline 0.007 -18"><span class='ocrx_word' id='word_1_55' title='bbox 844 1581 974 1643; x_wconf 87' lang='lat' dir='ltr'>Nee</span> <span class='ocrx_word' id='word_1_56' title='bbox 1016 1592 1255 1646; x_wconf 79' lang='lat' dir='ltr'>certare</span> <span class='ocrx_word' id='word_1_57' title='bbox 1298 1584 1471 1661; x_wconf 83' lang='lat' dir='ltr'>iuvat</span> <span class='ocrx_word' id='word_1_58' title='bbox 1514 1606 1680 1654; x_wconf 81' lang='lat' dir='ltr'>mero</span> 
     </span>
    </p>

    <p class='ocr_par' dir='ltr' id='par_1_11' title="bbox 760 1679 2029 1861">
     <span class='ocr_line' id='line_1_18' title="bbox 760 1679 2029 1768; baseline 0.006 -27"><span class='ocrx_word' id='word_1_59' title='bbox 760 1679 891 1742; x_wconf 78' lang='lat' dir='ltr'>Nee</span> <span class='ocrx_word' id='word_1_60' title='bbox 934 1682 1168 1745; x_wconf 79' lang='lat' dir='ltr'>vincire</span> <span class='ocrx_word' id='word_1_61' title='bbox 1208 1684 1388 1747; x_wconf 87' lang='lat' dir='ltr'>novis</span> <span class='ocrx_word' id='word_1_62' title='bbox 1433 1694 1712 1768; x_wconf 85' lang='lat' dir='ltr'>tempora</span> <span class='ocrx_word' id='word_1_63' title='bbox 1753 1684 2029 1750; x_wconf 79' lang='lat' dir='ltr'>floribus,</span> 
     </span>
     <span class='ocr_line' id='line_1_19' title="bbox 842 1775 1841 1861; baseline 0.007 -22"><span class='ocrx_word' id='word_1_64' title='bbox 842 1775 966 1840; x_wconf 85' lang='lat' dir='ltr'>Sed</span> <span class='ocrx_word' id='word_1_65' title='bbox 1011 1797 1137 1856; x_wconf 86' lang='lat' dir='ltr'>eur,</span> <span class='ocrx_word' id='word_1_66' title='bbox 1183 1780 1321 1857; x_wconf 87' lang='lat' dir='ltr'>heu,</span> <span class='ocrx_word' id='word_1_67' title='bbox 1369 1782 1688 1861; x_wconf 80' lang='lat' dir='ltr'><strong>Ligurine,</strong></span> <span class='ocrx_word' id='word_1_68' title='bbox 1734 1802 1841 1846; x_wconf 82' lang='lat' dir='ltr'>eur</span> 
     </span>
    </p>

    <p class='ocr_par' dir='ltr' id='par_1_12' title="bbox 762 1873 2107 2057">
     <span class='ocr_line' id='line_1_20' title="bbox 762 1873 2107 1962; baseline 0.007 -27"><span class='ocrx_word' id='word_1_69' title='bbox 762 1873 976 1937; x_wconf 78' lang='lat' dir='ltr'>Manat</span> <span class='ocrx_word' id='word_1_70' title='bbox 1017 1896 1169 1939; x_wconf 85' lang='lat' dir='ltr'>rara</span> <span class='ocrx_word' id='word_1_71' title='bbox 1212 1896 1382 1940; x_wconf 83' lang='lat' dir='ltr'>meas</span> <span class='ocrx_word' id='word_1_72' title='bbox 1413 1877 1681 1941; x_wconf 75' lang='lat' dir='ltr'>‘lacrima</span> <span class='ocrx_word' id='word_1_73' title='bbox 1716 1900 1827 1961; x_wconf 85' lang='lat' dir='ltr'>per</span> <span class='ocrx_word' id='word_1_74' title='bbox 1871 1881 2107 1962; x_wconf 74' lang='lat' dir='ltr'>genas?</span> 
     </span>
     <span class='ocr_line' id='line_1_21' title="bbox 844 1970 1803 2057; baseline 0.007 -25"><span class='ocrx_word' id='word_1_75' title='bbox 844 1970 969 2033; x_wconf 87' lang='lat' dir='ltr'>Cur</span> <span class='ocrx_word' id='word_1_76' title='bbox 1012 1970 1267 2037; x_wconf 85' lang='lat' dir='ltr'>fatenda</span> <span class='ocrx_word' id='word_1_77' title='bbox 1311 1994 1528 2057; x_wconf 84' lang='lat' dir='ltr'>parum</span> <span class='ocrx_word' id='word_1_78' title='bbox 1575 1975 1803 2039; x_wconf 80' lang='lat' dir='ltr'>(locens</span> 
     </span>
    </p>

    <p class='ocr_par' dir='ltr' id='par_1_13' title="bbox 761 2067 1960 2250">
     <span class='ocr_line' id='line_1_22' title="bbox 761 2067 1960 2153; baseline 0.008 -25"><span class='ocrx_word' id='word_1_79' title='bbox 761 2067 929 2130; x_wconf 82' lang='lat' dir='ltr'>Inter</span> <span class='ocrx_word' id='word_1_80' title='bbox 972 2070 1163 2135; x_wconf 85' lang='lat' dir='ltr'>verba</span> <span class='ocrx_word' id='word_1_81' title='bbox 1205 2070 1371 2135; x_wconf 85' lang='lat' dir='ltr'>eadit</span> <span class='ocrx_word' id='word_1_82' title='bbox 1413 2071 1630 2153; x_wconf 82' lang='lat' dir='ltr'>lingva</span> <span class='ocrx_word' id='word_1_83' title='bbox 1673 2074 1960 2139; x_wconf 78' lang='lat' dir='ltr'>silentio?</span> 
     </span>
     <span class='ocr_line' id='line_1_23' title="bbox 842 2167 1634 2250; baseline 0.006 -22"><span class='ocrx_word' id='word_1_84' title='bbox 842 2167 1171 2232; x_wconf 84' lang='lat' dir='ltr'><strong>Nocturnis</strong></span> <span class='ocrx_word' id='word_1_85' title='bbox 1216 2188 1334 2250; x_wconf 79' lang='lat' dir='ltr'>ego</span> <span class='ocrx_word' id='word_1_86' title='bbox 1379 2171 1634 2234; x_wconf 84' lang='lat' dir='ltr'>somniis</span> 
     </span>
    </p>

    <p class='ocr_par' dir='ltr' id='par_1_14' title="bbox 763 2262 2229 2446">
     <span class='ocr_line' id='line_1_24' title="bbox 763 2262 2229 2354; baseline 0.007 -28"><span class='ocrx_word' id='word_1_87' title='bbox 763 2262 906 2327; x_wconf 85' lang='lat' dir='ltr'>Jam</span> <span class='ocrx_word' id='word_1_88' title='bbox 951 2272 1195 2347; x_wconf 75' lang='lat' dir='ltr'>captum</span> <span class='ocrx_word' id='word_1_89' title='bbox 1240 2275 1438 2347; x_wconf 82' lang='lat' dir='ltr'>teneo,</span> <span class='ocrx_word' id='word_1_90' title='bbox 1472 2268 1606 2348; x_wconf 79' lang='lat' dir='ltr'>jam</span> <span class='ocrx_word' id='word_1_91' title='bbox 1651 2271 1962 2336; x_wconf 78' lang='lat' dir='ltr'>volucrem</span> <span class='ocrx_word' id='word_1_92' title='bbox 2006 2289 2229 2354; x_wconf 82' lang='lat' dir='ltr'>sequor</span> 
     </span>
     <span class='ocr_line' id='line_1_25' title="bbox 843 2363 2111 2446; baseline 0.007 -21"><span class='ocrx_word' id='word_1_93' title='bbox 843 2363 936 2426; x_wconf 87' lang='lat' dir='ltr'>Te</span> <span class='ocrx_word' id='word_1_94' title='bbox 978 2382 1088 2445; x_wconf 83' lang='lat' dir='ltr'>per</span> <span class='ocrx_word' id='word_1_95' title='bbox 1130 2368 1421 2446; x_wconf 85' lang='lat' dir='ltr'>gramina</span> <span class='ocrx_word' id='word_1_96' title='bbox 1462 2368 1672 2433; x_wconf 84' lang='lat' dir='ltr'>Martii</span> <span class='ocrx_word' id='word_1_97' title='bbox 2108 2430 2111 2433; x_wconf 78' lang='grc'><strong><em>,</em></strong></span> 
     </span>
    </p>

    <p class='ocr_par' dir='ltr' id='par_1_15' title="bbox 760 2460 2091 2547">
     <span class='ocr_line' id='line_1_26' title="bbox 760 2460 2091 2547; baseline 0.006 -25"><span class='ocrx_word' id='word_1_98' title='bbox 760 2460 999 2542; x_wconf 83' lang='lat' dir='ltr'>Campi,</span> <span class='ocrx_word' id='word_1_99' title='bbox 1044 2469 1105 2525; x_wconf 89' lang='lat' dir='ltr'>te</span> <span class='ocrx_word' id='word_1_100' title='bbox 1146 2482 1257 2544; x_wconf 86' lang='lat' dir='ltr'>per</span> <span class='ocrx_word' id='word_1_101' title='bbox 1298 2484 1513 2547; x_wconf 82' lang='lat' dir='ltr'>aquas,</span> <span class='ocrx_word' id='word_1_102' title='bbox 1556 2467 1728 2547; x_wconf 87' lang='lat' dir='ltr'>dure,</span> <span class='ocrx_word' id='word_1_103' title='bbox 1771 2466 2091 2532; x_wconf 78' lang='lat' dir='ltr'>volubiles,</span> 
     </span>
    </p>
   </div>
   <div class='ocr_carea' id='block_1_8' title="bbox 1491 2618 1685 2629">
    <p class='ocr_par' dir='ltr' id='par_1_16' title="bbox 1491 2618 1685 2629">
     <span class='ocr_line' id='line_1_27' title="bbox 1491 2618 1685 2629; baseline 0 1954"><span class='ocrx_word' id='word_1_104' title='bbox 1491 2618 1685 2629; x_wconf 95' lang='lat' dir='ltr'> </span> 
     </span>
    </p>
   </div>
   <div class='ocr_carea' id='block_1_9' title="bbox 1354 2829 1815 3033">
    <p class='ocr_par' dir='ltr' id='par_1_17' title="bbox 1354 2829 1815 3033">
     <span class='ocr_line' id='line_1_28' title="bbox 1537 2829 1614 2891; baseline -0.013 0"><span class='ocrx_word' id='word_1_105' title='bbox 1537 2829 1614 2891; x_wconf 87' lang='lat' dir='ltr'>II.</span> 
     </span>
     <span class='ocr_line' id='line_1_29' title="bbox 1354 2973 1815 3033; baseline 0.013 -5"><span class='ocrx_word' id='word_1_106' title='bbox 1354 2973 1438 3029; x_wconf 80' lang='lat' dir='ltr'>AD</span> <span class='ocrx_word' id='word_1_107' title='bbox 1475 2975 1815 3033; x_wconf 80' lang='lat' dir='ltr'><strong>ANTONIUM.</strong></span> 
     </span>
    </p>
   </div>
   <div class='ocr_carea' id='block_1_10' title="bbox 837 3083 2147 3496">
    <p class='ocr_par' dir='ltr' id='par_1_18' title="bbox 848 3083 2147 3204">
     <span class='ocr_line' id='line_1_30' title="bbox 848 3083 2147 3204; baseline 0.002 -19"><span class='ocrx_word' id='word_1_108' title='bbox 848 3083 1212 3185; x_wconf 72' lang='lat' dir='ltr'>Pindarum</span> <span class='ocrx_word' id='word_1_109' title='bbox 1256 3119 1533 3204; x_wconf 87' lang='lat' dir='ltr'>quisquis</span> <span class='ocrx_word' id='word_1_110' title='bbox 1576 3123 1784 3188; x_wconf 88' lang='lat' dir='ltr'>studet</span> <span class='ocrx_word' id='word_1_111' title='bbox 1825 3125 2147 3202; x_wconf 80' lang='lat' dir='ltr'>aemulari,</span> 
     </span>
    </p>

    <p class='ocr_par' dir='ltr' id='par_1_19' title="bbox 840 3214 1907 3303">
     <span class='ocr_line' id='line_1_31' title="bbox 840 3214 1907 3303; baseline 0.006 -23"><span class='ocrx_word' id='word_1_112' title='bbox 840 3214 983 3280; x_wconf 89' lang='lat' dir='ltr'>Vile</span> <span class='ocrx_word' id='word_1_113' title='bbox 1025 3236 1168 3282; x_wconf 83' lang='lat' dir='ltr'>cera</span> <span class='ocrx_word' id='word_1_114' title='bbox 1210 3221 1373 3300; x_wconf 82' lang='lat' dir='ltr'>aptis</span> <span class='ocrx_word' id='word_1_115' title='bbox 1418 3240 1536 3303; x_wconf 88' lang='lat' dir='ltr'>ope</span> <span class='ocrx_word' id='word_1_116' title='bbox 1582 3221 1907 3286; x_wconf 79' lang='lat' dir='ltr'>Daedalea</span> 
     </span>
    </p>

    <p class='ocr_par' dir='ltr' id='par_1_20' title="bbox 837 3313 1904 3496">
     <span class='ocr_line' id='line_1_32' title="bbox 837 3313 1904 3398; baseline 0.006 -21"><span class='ocrx_word' id='word_1_117' title='bbox 837 3313 1071 3377; x_wconf 83' lang='lat' dir='ltr'>Nititur</span> <span class='ocrx_word' id='word_1_118' title='bbox 1111 3318 1356 3398; x_wconf 88' lang='lat' dir='ltr'>pennis,</span> <span class='ocrx_word' id='word_1_119' title='bbox 1404 3319 1601 3381; x_wconf 85' lang='lat' dir='ltr'>vitreo</span> <span class='ocrx_word' id='word_1_120' title='bbox 1645 3317 1904 3383; x_wconf 86' lang='lat' dir='ltr'>daturus</span> 
     </span>
     <span class='ocr_line' id='line_1_33' title="bbox 923 3413 1440 3496; baseline 0.004 -21"><span class='ocrx_word' id='word_1_121' title='bbox 923 3413 1190 3476; x_wconf 84' lang='lat' dir='ltr'>Nomina</span> <span class='ocrx_word' id='word_1_122' title='bbox 1233 3419 1440 3496; x_wconf 80' lang='lat' dir='ltr'>ponte.</span> 
     </span>
    </p>
   </div>
   <div class='ocr_carea' id='block_1_11' title="bbox 837 3626 2178 3819">
    <p class='ocr_par' dir='ltr' id='par_1_21' title="bbox 837 3626 2178 3819">
     <span class='ocr_line' id='line_1_34' title="bbox 841 3626 2178 3710; baseline 0.004 -19"><span class='ocrx_word' id='word_1_123' title='bbox 841 3627 1051 3691; x_wconf 87' lang='lat' dir='ltr'>Monte</span> <span class='ocrx_word' id='word_1_124' title='bbox 1093 3626 1431 3693; x_wconf 80' lang='lat' dir='ltr'>decurrens</span> <span class='ocrx_word' id='word_1_125' title='bbox 1475 3629 1644 3693; x_wconf 87' lang='lat' dir='ltr'>velut</span> <span class='ocrx_word' id='word_1_126' title='bbox 1687 3631 1907 3710; x_wconf 84' lang='lat' dir='ltr'>amnis,</span> <span class='ocrx_word' id='word_1_127' title='bbox 1948 3628 2178 3697; x_wconf 87' lang='lat' dir='ltr'>imbres</span> 
     </span>
     <span class='ocr_line' id='line_1_35' title="bbox 837 3724 1972 3819; baseline 0.004 -32"><span class='ocrx_word' id='word_1_128' title='bbox 837 3724 1036 3800; x_wconf 83' lang='lat' dir='ltr'>Quem</span> <span class='ocrx_word' id='word_1_129' title='bbox 1080 3743 1264 3807; x_wconf 86' lang='lat' dir='ltr'>super</span> <span class='ocrx_word' id='word_1_130' title='bbox 1309 3734 1491 3791; x_wconf 86' lang='lat' dir='ltr'>notas</span> <span class='ocrx_word' id='word_1_131' title='bbox 1532 3727 1742 3792; x_wconf 86' lang='lat' dir='ltr'>aluere</span> <span class='ocrx_word' id='word_1_132' title='bbox 1786 3728 1972 3819; x_wconf 56' lang='grc' dir='ltr'><em>ᾕρεε,</em></span> 
     </span>
    </p>
   </div>
  </div>
 </body>
</html>
