2946 4583
1194 398 1348 467 LIB.
1391 401 1475 480 11,
1521 404 1619 465 14.
2236 406 2316 468 55

579 577 996 659 Triumphum
1032 596 1180 660 ago,
1222 579 1371 644 dum
1411 578 1583 645 haud
1624 581 1823 664 digna
1855 580 2026 648 sileri
2069 581 2157 649 ibi

582 677 691 741 Me
730 683 942 741 rentur
985 676 1245 741 umbrae
1284 678 1522 758 dicere3
1562 678 1673 743 sed
1715 678 1893 744 Maro

659 772 865 848 Quum
906 793 1108 856 paene
1147 774 1345 856 adest,
1387 782 1633 841 sacrata
1673 777 1909 860 imago,

740 907 820 918 —
865 873 1147 939 Demne?
1192 907 1270 920 --
1315 891 1522 937 meum
1562 871 1722 939 bibit
1763 875 1957 941 Arma
1996 875 2244 958 vulgus.
2318 878 2399 940 32

578 1050 742 1127 Quid
785 1053 1050 1119 mirum?
1092 1055 1196 1119 Ab
1235 1054 1358 1121 illis
1400 1053 1779 1121 carminibus
1820 1061 2091 1140 stupent,
2129 1040 2150 1087 ’-

576 1148 739 1225 Quot
781 1151 1024 1217 mordet
1064 1152 1213 1218 Orci
1256 1153 1462 1218 bellua
1503 1154 1817 1237 centiceps

654 1248 794 1327 Iris,
836 1256 899 1313 et
938 1250 1147 1314 infesti
1189 1251 1256 1315 in
1300 1250 1556 1333 capillos

741 1347 1153 1411 Eumenidum
1199 1351 1572 1429 regeruntur
1613 1365 1874 1430 angues.
2318 1355 2400 1415 36

573 1523 736 1600 Quin
778 1531 841 1590 et
881 1526 1291 1593 Prometheus
1330 1531 1397 1591 et
1437 1526 1687 1610 Pelopis
1727 1547 1956 1611 parens

572 1623 757 1716 Dulci
800 1625 1077 1689 laborem
1120 1624 1355 1707 decipit
1396 1644 1436 1688 a
1478 1641 1652 1704 sono,

655 1723 787 1787 Nec
828 1727 1007 1787 curat
1048 1721 1243 1787 Orion
1284 1721 1543 1799 Leonis,

737 1820 930 1885 Audit
973 1820 1080 1886 ubi
1123 1822 1316 1899 illum,
1357 1819 1604 1902 agitare
1645 1815 1912 1900 plantas.

1328 2144 1511 2212 XIV.>

1153 2297 1240 2353 Al)
1277 2291 1639 2353 Postumum.

665 2409 888 2522 Eheu,
930 2444 1206 2526 fugaces,
1249 2442 1562 2519 Postume,
1605 2439 1917 2519 Postume,

657 2542 979 2607 Labuntur
1022 2540 1191 2616 anni,
1233 2557 1350 2602 nec
1389 2539 1593 2621 pietas
1634 2557 1847 2602 morae
1887 2543 1986 2604 cst

739 2638 943 2720 Rugis
986 2644 1049 2701 et
1088 2636 1344 2700 instanti
1388 2641 1678 2700 senectae

821 2735 954 2800 Nec
994 2732 1225 2816 Furiae
1266 2731 1607 2797 indomitae
1648 2738 1832 2797 aucta
1874 2730 2090 2810 Morti,
2363 2733 2405 2791 4

658 2916 799 2981 Non
841 2914 894 2979 si
938 2912 1223 2992 trecenis,
1265 2919 1563 2994 quotquot
1603 2919 1752 2979 eunt
1791 2913 1956 2990 dies,

661 3013 893 3091 Amice,
934 3009 1144 3095 places
1184 3009 1568 3076 illacrimans
1609 3008 1806 3075 ferum

741 3109 1006 3176 Plutona
1048 3107 1264 3185 tauris,
1307 3108 1413 3187 qui
1452 3113 1552 3169 ter
1592 3102 1870 3187 amplum

824 3205 1163 3287 Geryonen
1206 3202 1564 3285 Tityonque
1605 3202 1768 3267 tristi
2366 3203 2406 3260 8

665 3383 1020 3468 compescit
1060 3381 1250 3462 unda,
1292 3381 1528 3446 scilicet
1569 3382 1874 3460 omnibus,

666 3480 1047 3566 Quicumque
1087 3486 1294 3545 terrae
1335 3498 1592 3543 munere
1632 3479 1963 3559 vescimur,

748 3578 1187 3661 Enaviganda,
1229 3577 1364 3643 sive
1404 3595 1594 3658 reges

831 3675 981 3741 Sive
1022 3676 1239 3758 inopes
1282 3675 1511 3739 erimus
1553 3671 1774 3737 coloni.
2331 3677 2409 3735 12
