2946 4583
665 437 782 499 122
1339 434 1495 499 LIB.
1541 434 1649 514 IV,
1693 439 1789 500 10.

823 616 1054 680 Vixere
1094 616 1284 680 fortes
1326 622 1472 680 ante
1514 617 1990 698 Agamemnona

827 713 1032 790 Multi3
1078 711 1189 776 sed
1232 733 1446 778 omnes
1489 715 1948 782 illacrimabiles

909 808 1228 892 Urgentur
1271 810 1592 892 ignotique
1635 811 1826 894 longa

579 912 660 971 28
977 909 1192 986 Nocte,
1235 915 1449 973 carent
1491 910 1637 991 quia
1678 916 1824 975 vate
1864 928 2062 974 sacro,

825 1088 1084 1152 Paulum
1129 1089 1289 1154 bene
1331 1089 1500 1154 ultae
1542 1090 1732 1155 distat
1772 1091 2035 1156 inertiae

827 1185 1046 1250 Celata
1087 1186 1308 1252 virtus.
1351 1188 1493 1252 Non
1537 1207 1657 1269 ego
1700 1195 1764 1252 te
1803 1190 1960 1253 meis

908 1284 1161 1349 Chartis
1205 1284 1557 1348 inornatum
1602 1283 1771 1349 sileri

581 1383 662 1443 32
990 1383 1194 1446 Totve
1235 1389 1373 1447 tuos
1418 1383 1622 1465 patiar
1665 1381 1911 1448 labores

824 1564 1104 1644 Impune,
1148 1564 1327 1643 Lolli,
1371 1583 1629 1647 carpere
1671 1562 1898 1629 lividas

825 1659 1204 1726 Obliviones.
1289 1664 1404 1726 Est
1444 1662 1689 1724 animus
1734 1660 1846 1724 tibi

907 1758 1259 1841 Rerumque
1302 1757 1576 1842 prudens
1620 1766 1682 1822 et
1724 1758 2015 1823 secundis

578 1857 657 1916 36
990 1856 1402 1939 Temporibus
1447 1856 1776 1936 dubiisque
1818 1865 2022 1921 rectus
2035 1879 2052 1938 3

827 2036 1075 2101 Vindex
1117 2058 1350 2104 avarae
1392 2055 1459 2101 es
1501 2036 1741 2102 fraudis
1784 2046 1845 2102 et
1887 2039 2205 2104 abstinens

829 2135 1129 2199 Ducentis
1172 2136 1253 2199 ad
1296 2155 1365 2200 se
1408 2143 1630 2200 cuncta
1673 2136 2001 2218 pecuniae,

908 2231 1259 2316 Consulque
1301 2253 1426 2299 non
1469 2234 1652 2298 unius
1694 2235 1863 2313 anni,

578 2331 661 2390 40
992 2331 1116 2395 Sed
1162 2339 1309 2413 quot
1349 2333 1503 2397 ades
1546 2333 1744 2397 bonus
1785 2341 1972 2414 atque
2013 2330 2175 2395 fidus

824 2510 1006 2590 Duei‚
1050 2513 1153 2593 qui
1204 2513 1533 2578 honestum
1576 2514 1869 2598 praetulit
1912 2513 2065 2592 utili,

824 2607 1062 2688 Rejecit
1105 2611 1268 2674 ultor
1312 2611 1480 2676 dona
1522 2612 1895 2690 nocentium,

910 2706 1064 2769 Late
1107 2727 1219 2789 per
1261 2710 1580 2773 obstantes
1624 2717 1909 2773 catervas

580 2807 659 2863 44
989 2805 1302 2886 Explicuit
1338 2825 1451 2870 sua
1499 2807 1692 2868 victor
1735 2826 1926 2868 arma.

1542 3136 1621 3202 X.

1327 3286 1410 3341 Ab
1448 3285 1817 3342 mauman.

754 3392 849 3504 O
893 3435 1163 3499 crudelis
1206 3432 1413 3499 adhuc
1455 3441 1518 3496 et
1563 3433 1843 3497 Veneris*
1865 3431 2226 3497 muneribus
2269 3437 2507 3514 potens,

748 3534 1073 3616 Insperata
1116 3534 1237 3597 tuis
1279 3552 1467 3613 quum
1514 3532 1721 3595 veniet
1762 3531 1995 3594 lamina
2041 3530 2305 3612 pratulis

753 3634 851 3709 Et,
895 3651 1052 3712 quae
1095 3651 1258 3695 nune
1293 3631 1567 3695 humeris
1599 3629 1946 3705 involitant,
1969 3627 2315 3693 deciden'nt
2337 3643 2571 3703 comae,

589 3736 625 3792 4
752 3734 932 3796 Nunc
975 3737 1037 3792 et
1080 3729 1182 3809 qui
1227 3730 1392 3794 color
1435 3736 1530 3792 est
1572 3728 1875 3810 puniceae
1915 3725 2067 3790 flore
2110 3727 2279 3808 prior
2321 3743 2518 3800 rosae,
