2946 4583
652 441 729 501 52
778 432 781 437 ”
1347 388 1505 507 LiB.
1550 442 1630 521 11,
1674 445 1772 508 12.

864 620 1159 690 Petamus
1203 621 1414 686 uncti?
1456 623 1741 705 Dissipat
1782 625 1979 689 Evius

860 717 1058 781 Ouras
1101 717 1342 784 edaces,
1429 719 1585 796 Quis
1625 741 1818 805 puero
1860 721 2038 787 ocius

924 815 1297 897 ‚Restinguit
1338 817 1616 883 ardentis
1658 819 1912 884 Falerni

561 911 643 971 24
1020 911 1252 978 Pocula
1292 921 1729 998 praetereunte
1769 914 2073 998 lympha?

856 1089 1011 1166 Quis
1052 1091 1329 1157 debitum
1374 1101 1644 1160 scortum
1688 1095 1925 1163 efficit?
1968 1095 2155 1160 Unde
2193 1116 2334 1163 emo

854 1187 1120 1273 Lyden?
1163 1190 1442 1271 Eburna,
1486 1192 1625 1271 due,
1667 1212 1811 1275 age,
1854 1214 1992 1258 eum
2037 1193 2199 1276 lyra,

832 1356 841 1361 ,
939 1289 1221 1354 Naturae
1265 1295 1332 1354 ut
1372 1309 1413 1352 a
1454 1291 1733 1370 summis,
1776 1293 2104 1358 Lacaenae

553 1389 634 1451 24
1014 1387 1210 1468 More,
1252 1407 1484 1454 canens
1525 1390 1871 1472 retegenda
1910 1389 2122 1455 nudet.

1471 1770 1618 1836 XII.

1249 1917 1335 1972 Ab
1371 1917 1815 1975 MAECENATEM
1827 1958 1843 1984 ‚

689 2026 867 2079 quem,
906 2026 1067 2077 quum
1109 2016 1252 2068 bella
1305 2018 1552 2069 Caesaris
1612 2019 1845 2070 carmine
1899 2017 2062 2078 lyrico
2115 2017 2352 2069 scribere
2386 2016 2543 2069 insli-

681 2095 890 2158 inisset,
913 2095 979 2145 ab
1016 2097 1113 2148 boc
1151 2099 1373 2150 consilio
1408 2100 1717 2152 dehortatur
1749 2098 1907 2162 poeta
1944 2098 2125 2150 dicens
2161 2097 2424 2160 ejusmodi
2446 2110 2538 2150 res

685 2178 849 2228 multo
886 2177 1079 2228 melius
1118 2181 1489 2242 “pedestribus
1544 2181 1815 2233 historiis“
1867 2180 2125 2232 mandari.
2206 2179 2332 2230 Tum
2369 2179 2541 2232 libere

683 2257 959 2321 profitetur
994 2259 1048 2311 id
1084 2272 1209 2314 esse
1257 2263 1575 2316 Maecenatis
1627 2262 1920 2327 ingenium,
1975 2266 2033 2313 ut
2083 2261 2152 2326 ei,
2214 2261 2261 2313 si
2315 2262 2429 2324 lyra
2463 2263 2540 2315 uti

685 2343 865 2406 vellet,
904 2333 996 2393 res'
1033 2345 1322 2396 amatoriae
1359 2345 1533 2408 potius
1552 2355 1727 2422 guam
1764 2345 1990 2396 bellicae
2027 2347 2210 2396 essent
2233 2345 2536 2407 eligendae.

839 2484 1041 2593 Num
1082 2521 1183 2586 vel
1225 2519 1418 2603 longa
1458 2518 1635 2586 ferae
1677 2518 1841 2584 bella
1882 2521 2281 2603 Numantiae,

833 2621 999 2686 Num
1043 2618 1250 2683 dirum
1290 2618 1729 2699 Hannibalem,
1770 2637 1920 2681 num
1961 2616 2237 2683 Siculum
2278 2638 2453 2685 mare

837 2719 1046 2782 Poeno
1088 2733 1463 2800 purpureum
1508 2715 1818 2798 sanguine
1858 2716 2146 2782 mollibus

549 2821 588 2878 4
999 2815 1269 2898 Aptares
1310 2812 1589 2878 citharae
1629 2810 1872 2877 modis?

835 2998 936 3061 Tu
976 3014 1200 3061 saevos
1239 2993 1546 3077 Lapithas
1587 2999 1649 3057 et
1687 2994 1963 3059 numeris
2004 2994 2142 3062 dari
2183 2993 2284 3059 his

835 3094 1149 3177 Hylaeum
1190 3093 1579 3175 domitosque
1620 3090 1929 3156 Herculea
1970 3111 2161 3159 manu

833 3192 1102 3259 Telluris
1131 3192 1419 3275 juvenes,
1461 3190 1629 3255 unde
1670 3188 2011 3273 perieulum

544 3294 584 3353 8
998 3289 1278 3371 Fulgens
1319 3287 1687 3355 contremuit
1728 3287 1948 3353 domus

833 3469 1106 3549 Saturni,
1147 3469 1427 3547 vetuisti3
1465 3468 1644 3549 isque
1683 3467 2077 3551 pedestribus

831 3567 1067 3631 Credes
1108 3565 1382 3631 historiis
1421 3563 1661 3647 proelia
1701 3563 2010 3652 Caesaris,

834 3663 1184 3740 Maecenas,
1226 3662 1446 3727 melius
1487 3659 1795 3741 ductaque
1833 3679 1946 3744 per
1988 3661 2128 3728 vias

545 3765 623 3826 12
994 3761 1237 3842 Regum
1281 3760 1440 3827 eolla
1482 3758 1790 3823 minorum
1832 3757 1938 3822 ibi.
