2946 4583
677 441 756 499 30
1388 438 1542 502 Lis.
1588 440 1638 518 1,
1680 443 1779 504 28.

718 614 960 680 Occidit
1002 622 1064 680 et
1104 615 1354 700 Pelopis
1397 618 1664 700 genitor,
1709 621 1975 686 conviva
2015 620 2291 704 deorum,

636 717 675 775 8
802 711 1109 779 Tithonus
1150 716 1316 798 perit
1359 734 1572 798 usque,
1613 717 1902 796 maritus;

720 811 837 874 Est
874 810 1053 875 Jovis
1094 811 1341 876 arcanis
1383 804 1588 878 Minos
1628 813 1959 893 admissae,
2000 814 2354 901 habentque

798 907 1086 974 Tartara.
1162 908 1558 974 Panthoiden
1601 910 1822 974 iterum
1864 909 2063 976 Orcus

716 1002 903 1068 Haud
944 1005 1130 1084 misit,
1172 1005 1480 1087 quamviS‚
1522 1004 1789 1088 clipeum
1829 1006 2105 1088 Trojana
2145 1013 2362 1077 revixe

595 1102 673 1164 12
797 1100 1112 1183 Tempora
1152 1107 1435 1182 testatus,
1477 1103 1633 1167 nihil
1674 1101 1838 1167 ultra

713 1196 958 1261 Nervos
1001 1205 1186 1282 atque
1228 1207 1429 1265 cutem
1473 1201 1656 1265 morti
1698 1219 2058 1266 concessum
2098 1203 2356 1269 iterator

797 1298 1040 1367 Indicet
1078 1301 1232 1384 ipse,
1278 1297 1447 1362 haud
1491 1298 1779 1363 sordidus
1821 1305 2052 1363 auctor.

715 1392 960 1461 Mature
1000 1415 1238 1475 serove,
1279 1395 1393 1459 sed
1432 1414 1647 1460 omnes
1688 1393 1815 1459 una
1855 1402 2066 1461 manet
2105 1417 2232 1462 nox

595 1494 675 1554 16
800 1494 885 1558 Et
926 1493 1228 1560 calcanda
1268 1491 1376 1555 via
1417 1498 1514 1556 est
1555 1492 1747 1556 semel
1789 1498 1943 1555 atra.

719 1590 892 1659 Dant
934 1593 1090 1657 alios
1131 1589 1361 1654 Furiae
1401 1593 1579 1652 torvo
1623 1590 1983 1670 spectacula
2025 1591 2230 1669 Marti,

797 1689 1009 1754 Exitio
1050 1693 1147 1752 est
1187 1682 1436 1769 pavidis
1479 1704 1671 1762 amor,
1714 1703 1896 1763 aura3

716 1783 908 1851 Falce
947 1805 1187 1864 senum,
1216 1782 1523 1864 juvenum
1565 1787 1745 1845 tensa
1785 1782 1951 1847 inter
2001 1789 2284 1876 tempora
2345 1785 2577 1851 nullum

593 1884 675 1946 20
800 1882 1009 1948 Saeva
1051 1884 1239 1964 caput
1278 1877 1659 1960 Proserpina
1699 1877 1880 1960 fugit.

716 1979 840 2059 Me,
879 1998 1038 2062 quae
1079 1996 1243 2060 aqua
1284 1982 1348 2040 te
1390 1973 1582 2051 vexit,
1622 1975 1829 2055 rapuit
1850 1978 2267 2057 commissum,
2298 1996 2335 2041 o
2356 1977 2578 2042 Arion!

800 2078 975 2142 Nans
1016 2076 1252 2159 lyricus
1293 2090 1493 2137 novus
1534 2070 1760 2134 obruor
1803 2072 2008 2139 undis,

717 2174 803 2238 At
843 2180 929 2255 tu,
971 2179 1184 2252 nauta,
1225 2187 1433 2252 vagae
1475 2186 1556 2233 ne
1595 2184 1783 2249 parce
1827 2188 1906 2232 ex
1948 2169 2112 2235 mole
2154 2171 2408 2236 carinae
2450 2176 2514 2236 et

595 2274 679 2335 24
801 2270 1101 2337 Cursibus
1143 2268 1289 2333 huic
1325 2264 1515 2349 capiti
1555 2264 1943 2331 innummato

718 2368 1094 2434 Particulam
1137 2366 1315 2431 dare:
1359 2363 1468 2442 sic,
1532 2362 1959 2443 quodcumque
2000 2362 2334 2428 minabitur
2374 2364 2581 2429 Eurus

807 2465 1131 2530 Fluctibus
1172 2460 1515 2544 Hesperiis,
1555 2459 1917 2524 Venusinae

718 2561 1075 2629 Plectantur
1117 2560 1315 2625 silvae
1354 2563 1417 2621 te
1462 2556 1714 2639 sospite,
1755 2555 2070 2636 multaque
2111 2572 2347 2620 meroes
2360 2602 2377 2635 ,

595 2660 680 2722 28
804 2658 987 2723 Unde
1029 2664 1251 2743 potest,
1292 2655 1407 2720 tibi
1450 2652 1692 2719 defluat
1726 2653 1942 2734 aequis

719 2755 820 2820 Ab
861 2756 1021 2821 Jove
1061 2756 1473 2838 Neptunoque
1515 2751 1647 2833 apti
1689 2749 2064 2831 custodeque
2105 2746 2292 2813 venti.

802 2850 1095 2935 Neglige,
1136 2852 1190 2916 si
1232 2870 1301 2916 es
1341 2848 1580 2913 meritis
1621 2847 1967 2912 nocituram

720 2946 1055 3012 Postmodo
1098 2945 1428 3012 nascendis
1468 2940 1753 3006 fraudem
1796 2941 2182 3018 committere
2221 2936 2416 3006 fortis.

600 3048 682 3110 32
806 3045 1036 3111 Debita
1077 3043 1289 3109 laurea
1333 3057 1580 3120 voxque
1622 3037 1891 3120 superba

681 3142 776 3207 Te
797 3146 1108 3219 moneant,
1126 3139 1232 3222 qui
1252 3138 1391 3215 sim;
1421 3153 1668 3218 precem
1693 3133 2039 3212 habes‚non
2060 3130 2308 3211 linquar
2329 3128 2582 3209 inultus,

805 3239 1021 3319 Teque
1060 3236 1310 3319 piacula
1348 3231 1522 3299 nulla
1561 3230 1899 3298 resolvent.

600 3341 630 3417 L
722 3332 1115 3414 Quamquam
1155 3330 1435 3408 festinas,
1475 3348 1601 3393 non
1644 3334 1742 3393 est
1780 3345 1955 3393 mora
1992 3322 2220 3406 longa3
2260 3320 2499 3399 licebit,

803 3432 910 3496 Ex
948 3431 1073 3496 icto
1112 3435 1181 3494 tu
1219 3428 1480 3512 pulvere
1520 3442 1759 3490 curras.
