2946 4583
1122 432 1280 501 LIB.
1323 432 1438 515 111,
1483 438 1583 499 14.

1259 615 1414 681 XIV
1418 664 1433 678 .

765 766 829 823 IN
857 762 1141 851 »AUGUSTI
1176 764 1260 820 AB
1296 762 1603 820 HISPANIA
1638 758 1952 817 REDITUM.

572 879 896 987 Herculis
939 912 1106 977 sacri
1149 910 1333 975 modo
1378 909 1582 974 dictus
1625 907 1838 992 amplo

575 1013 784 1079 Marte*
817 1008 1105 1074 venalem
1150 1007 1405 1091 petiisse
1446 1006 1712 1085 laurum,

571 1114 804 1178 Caesar
847 1107 1131 1189 Hispana
1172 1105 1400 1188 repetit
1445 1110 1702 1187 penates

737 1207 950 1271 Victor
992 1204 1073 1268 ab
1116 1223 1245 1268 ora.

575 1420 885 1501 Undique,
929 1438 966 1482 ο
1009 1417 1294 1499 gaudens
1336 1416 1595 1500 popule,
1639 1433 1719 1478 ex
1760 1414 1919 1478 mari
1959 1413 2127 1498 ipsc,

577 1517 915 1599 Subligant
956 1516 1158 1581 fessas
1199 1533 1388 1597 opere
1429 1512 1599 1578 unde
1639 1530 1857 1589 naves,

585 1619 680 1682 Te
721 1616 788 1679 in
831 1614 962 1678 solo
1006 1621 1263 1678 cernant
1303 1610 1566 1675 reduces
1609 1608 1903 1672 decorum
1945 1612 2008 1671 et

746 1711 975 1778 Oscula
1017 1711 1268 1775 mittens

583 1928 708 1991 Ver
753 1925 963 1989 virens
1007 1930 1238 1988 matres
1279 1921 1697 2004 iuvenumque
1737 1935 1934 2000 nuper

586 2026 919 2107 Sospitam.
1002 2022 1154 2102 Vos,
1196 2041 1233 2085 ο
1275 2019 1455 2103 pueri
1498 2028 1562 2081 et
1602 2014 1852 2099 puellae

587 2125 732 2190 Jam
773 2122 839 2186 in
880 2122 1080 2184 vicem
1125 2116 1418 2199 amplexi,
1461 2133 1634 2178 mare
1677 2112 2034 2178 deminutas

752 2217 1000 2283 Pascite
1041 2221 1103 2280 et
1145 2214 1349 2278 orbos,

594 2437 715 2501 Hic
756 2433 894 2498 dies
933 2449 1083 2495 vere
1126 2429 1279 2493 mihi
1320 2425 1517 2492 festus
1561 2425 1818 2489 haustas

592 2533 845 2615 Excipit
886 2547 1096 2606 curas;
1138 2546 1259 2609 ego
1301 2543 1437 2602 nec,
1478 2522 1745 2587 tumultu
1783 2577 1787 2580 ,

596 2630 693 2695 Ne
734 2629 980 2706 efferar,
1022 2643 1137 2689 nec
1179 2625 1307 2688 vim
1350 2627 1622 2685 metuam
1665 2622 1916 2683 tenente

761 2727 1034 2791 Caesare
1074 2728 1290 2785 terras.

602 2943 654 3020 Ι,
693 2943 838 3022 pete
878 2942 1286 3020 ungventum,
1326 2952 1502 3017 puer,
1544 2937 1607 2994 et
1647 2947 1908 2994 coronas

603 3040 687 3102 Et
728 3035 949 3101 cadum
993 3033 1190 3098 Marsi
1232 3048 1568 3096 memorem
1611 3026 1822 3104 duelli,

607 3134 975 3219 Spartacum
1020 3132 1072 3195 si
1117 3149 1239 3210 qua
1278 3118 1482 3210 potuit
1523 3128 1861 3204 vagantem

771 3229 1022 3296 Fallere
1059 3231 1278 3290 tectus,

614 3441 871 3508 Profore
912 3444 1175 3521 argutae
1215 3454 1457 3519 quoque
1498 3433 1604 3498 dic
1642 3433 1930 3498 Neaerae

617 3540 706 3605 Mi
749 3546 890 3602 rata
931 3543 1112 3601 nocte
1154 3537 1273 3600 hac
1312 3533 1602 3598 cohibere
1643 3547 1921 3594 carmen:

618 3637 687 3702 Si
729 3655 840 3720 per
881 3635 1148 3698 invisum
1193 3653 1368 3699 mora
1401 3630 1737 3714 janitorem

783 3732 944 3810 Fiet,
983 3731 1171 3795 abito,

2185 435 2263 496 87

2307 2210 2383 2272 12

2308 2715 2389 2777 16

2313 3217 2397 3278 20

2320 3722 2404 3780 24
