2946 4583
1154 448 1313 515 ΠΒ.
1354 449 1478 528 ΙΠ,;
1510 451 1571 513 4.

620 628 848 708 Troiae
890 643 1223 696 renaseens
1264 628 1417 693 alite
1456 626 1709 709 lugubri

619 726 898 790 Fortuna
937 725 1099 794 tristi
1137 724 1317 791 clade
1357 724 1702 803 iterabitur,

702 824 985 886 Ducente
1024 821 1310 890 victrices
1352 827 1641 887 catervas

781 917 1064 1001 Conjuge
1106 938 1210 996 me
1249 917 1429 984 Jovis
1471 926 1535 983 et
1571 936 1799 983 sorore.

617 1099 745 1162 Ter
785 1097 837 1161 si
880 1105 1170 1182 resurgat
1210 1117 1424 1162 murus
1465 1103 1699 1164 aeneus

617 1196 886 1259 Auctore
928 1196 1200 1273 Phoeb0,
1241 1183 1353 1259 terv
1380 1198 1599 1277 pereat
1638 1191 1795 1257 meis

699 1292 964 1356 Excisus
1007 1291 1284 1380 Argivis,
1327 1304 1419 1357 ter
1461 1309 1618 1355 uxor

784 1388 986 1470 Capta
1026 1388 1232 1453 virum
1272 1406 1619 1471 puerosque
1652 1386 1851 1470 ploret
1862 1383 1907 1447 1¹²

620 1570 785 1633 Num
831 1587 955 1631 vox
996 1566 1243 1649 jocosae
1285 1567 1579 1632 convenit
1617 1564 1775 1628 haee
1813 1560 2033 1643 lyrae?

619 1663 777 1743 Quo,
819 1664 1019 1743 Musa,
1060 1666 1311 1731 tendis?
1352 1666 1589 1730 Desine
1629 1658 1926 1745 providos

704 1760 968 1827 Referre
1011 1782 1326 1828 sermones
1368 1763 1628 1827 deorum
1670 1764 1734 1821 et
1799 1779 1804 1786 ·
1987 1832 1994 1838 ⁴

790 1860 1026 1941 Magna
1066 1860 1269 1948 modis
1310 1864 1569 1924 tenuare
1608 1853 1840 1940 parvis.
1941 1879 1944 1882 2

1333 2169 1440 2249 lv.

1124 2333 1211 2390 AD
1249 2330 1621 2390 GALLIQPEN.

639 2443 995 2548 Desoende
1038 2478 1208 2543 eoelo
1252 2484 1314 2541 et
1356 2477 1563 2554 dueta,
1604 2492 1746 2554 age,
1789 2456 1943 2536 tibia

514 2612 525 2617 »
627 2576 708 2640 Di
717 2592 916 2659 gnare
957 2574 1146 2652 eiveS‚
1189 2573 1490 2656 Calliope,
1531 2571 1730 2635 meos!

711 2673 840 2737 Seu
881 2689 1036 2734 voee
1076 2669 1257 2750 fungi
1297 2668 1396 2733 vis
1438 2677 1651 2746 acuta,

802 2766 929 2832 Seu
969 2764 1198 2831 fidibus
1240 2764 1603 2829 citharoeda
1639 2759 1899 2824 Phoebiss

630 2947 903 3028 Auditis,
947 2967 1029 3011 an
1071 2965 1172 3010 me
1213 2942 1375 3008 ludit
1414 2941 1704 3009 amabilis
1761 2936 1764 2939 ’

632 3045 927 3111 Insania?
969 3043 1206 3108 Audire
1247 3047 1310 3106 et
1348 3040 1566 3106 videor
1607 3039 1745 3122 pios

718 3144 952 3208 Errare
992 3160 1104 3223 per
1145 3141 1338 3215 lucen,
1379 3152 1684 3199 amoenae

798 3237 976 3317 ,Quos
1019 3243 1085 3299 et
1120 3251 1321 3314 aquae
1362 3230 1629 3296 subeunt
1663 3234 1725 3294 et
1767 3246 1976 3293 aurae.

651 3420 755 3483 Me
796 3384 1311 3500 pabulo‘ffiaugens
1356 3411 1577 3476 Vultur
1618 3416 1687 3473 ut
1733 3407 1963 3490 Apula,

644 3517 786 3580 Non
828 3511 1021 3577 traxit
1062 3520 1241 3575 extra
1282 3509 1502 3573 limina
1541 3504 1880 3597 Apollinis,

728 3610 909 3676 Ludo
949 3607 1405 3691 fatigatumque
1449 3610 1733 3686 sumptae

815 3705 1048 3770 Fronte
1088 3705 1169 3768 de
1209 3704 1346 3785 avis
1390 3702 1564 3787 pueri
1608 3718 1820 3780 ungve
1860 3697 2109 3780 plumae

2189 444 2272 507 ‘ss

2270 918 2464 980 64.

2275 1382 2362 1443 68

2277 1848 2363 1908 72

2306 3696 2381 3753 12
