2946 4583
674 409 749 469 12
1378 411 1535 476 LIB.
1578 415 1629 492 Ι,
1674 418 1768 478 10.

1528 590 1608 655 Χ.

1317 733 1403 788 AD
1442 735 1838 796 MERCURIUM.

881 823 1206 939 Mercuri,
1251 864 1521 926 facunde
1564 884 1757 948 nepos
1801 868 2091 951 Atlantis,

879 954 998 1031 Qui
1042 957 1206 1021 feros
1248 964 1457 1020 coetus
1502 958 1816 1026 hominum
1863 976 2175 1033 recentum

884 1054 1051 1117 Voce
1093 1055 1371 1117 formasti
1419 1061 1594 1118 catus
1637 1062 1700 1120 et
1743 1057 2008 1129 decorae

583 1151 622 1208 4
1004 1149 1178 1213 More
1220 1150 1595 1231 palaestrae:

876 1328 971 1391 Te
1013 1346 1253 1408 canam,
1295 1332 1511 1412 magni
1555 1332 1735 1398 Jovis
1777 1343 1839 1401 et
1880 1337 2136 1407 deorum

879 1421 938 1486 N
942 1442 1189 1489 uncium
1232 1444 1582 1509 curvaeque
1623 1430 1803 1511 lyrae
1844 1445 2185 1518 parentem,

879 1519 1212 1600 Callidum,
1254 1522 1554 1604 quidquid
1597 1527 1848 1608 placuit,
1882 1530 2099 1649 jocoso

582 1617 620 1674 8
972 1616 1257 1682 Condere
1296 1618 1483 1684 furto.

885 1796 1000 1874 Te,
1040 1796 1233 1861 boves
1273 1797 1419 1861 olim
1463 1799 1585 1865 nisi
1627 1803 2008 1874 reddidisses

803 1890 808 1893 ⁴
887 1890 1006 1954 Per
1049 1890 1260 1956 dolum
1302 1902 1563 1975 amotas,
1603 1900 1946 1981 periturum
1990 1906 2070 1970 ab
2116 1927 2261 1974 arcu

886 1987 1150 2053 Vindice
1190 1996 1259 2054 ut
1299 1989 1519 2070 fervet,
1561 1995 1786 2060 viduus
1829 1999 2123 2081 pharetra

585 2084 661 2145 12
1051 2086 1214 2151 Risit
1254 2088 1496 2169 Apollo
1588 2122 1593 2125 ·

887 2245 1106 2310 Vincla
1151 2255 1213 2312 et
1254 2214 1508 2315 Atridas
1551 2252 1707 2320 duce
1749 2261 1811 2320 te
1852 2260 2177 2342 superbos,

877 2341 1066 2406 Filio
1081 2343 1277 2424 dives
1319 2346 1605 2415 Priamus
1647 2351 1880 2417 relictis

874 2437 1161 2503 Thessali
1204 2441 1403 2521 signis
1447 2445 1563 2507 sub
1606 2445 1819 2528 iniqua
1861 2451 2089 2530 Troiae

581 2532 660 2591 16
1009 2533 1230 2599 Castra
1273 2537 1505 2604 fefellit.

875 2693 973 2756 Tu
1017 2695 1155 2776 pias
1196 2697 1375 2761 laetis
1418 2701 1659 2764 animas
1702 2722 2008 2786 reponens

875 2789 1141 2854 Sedibus
1184 2793 1368 2873 virga
1409 2794 1671 2859 celerem
1716 2806 1961 2864 co'e'rces

867 2889 1075 2951 Aurea
1118 2890 1382 2964 turbam,
1425 2893 1668 2971 superis
1710 2900 1772 2956 et
1815 2894 1956 2958 imis

575 2981 657 3040 20
815 2981 818 2990 '
1020 2982 1218 3046 Grate
1259 2984 1540 3048 deorum!

1512 3281 1625 3345 XI.

1326 3392 1413 3447 An
1449 3373 1838 3453 nuucoNoiiN.

573 3530 695 3636 Tu
734 3586 815 3632 ne
856 3570 1196 3649 quaesieris
1219 3606 1293 3615 --·
1320 3573 1478 3637 scire
1500 3575 1676 3639 nefas
1719 3612 1796 3622 —
1841 3597 2020 3659 quem
2046 3581 2215 3658 mihi,
2238 3600 2416 3662 quem
2439 3583 2549 3646 tibi

571 3665 792 3729 Finem
836 3664 899 3729 di
945 3666 1252 3745 dederint,
1301 3667 1651 3736 Leuconoe!
1698 3674 1859 3740 Num
1905 3675 2285 3757 Babylonios
