2946 4583
694 403 774 461 14
1400 393 1555 458 LIB.
1598 395 1649 472 I,
1694 399 1788 463 12.

810 573 930 648 Qui
974 592 1144 637 mare
1185 591 1261 636 ao
1303 579 1500 636 terras
1543 574 1854 654 variisque
1897 576 2193 641 mundum

614 679 692 737 16
774 727 778 731 ,
971 671 1308 752 Temperat
1348 667 1560 733 horis?

810 882 993 948 Unde
1035 879 1124 945 nil
1168 880 1369 961 majus
1412 887 1748 963 generatur
1789 880 1956 963 ipse,

807 982 941 1047 Neo
982 979 1157 1060 viget
1198 978 1530 1059 quidquam
1573 978 1774 1043 simile
1814 986 1924 1043 aut
1964 981 2330 1045 seeundum:

811 1076 1140 1142 Proximo&
1180 1073 1298 1139 soli
1340 1080 1550 1138 tamen
1593 1074 1916 1157 oocupavit

610 1180 693 1239 20
970 1171 1180 1238 Pallas
1224 1170 1507 1236 honores.

807 1385 1066 1449 Proeliis
1109 1383 1344 1448 audax!
1388 1401 1589 1463 neque
1632 1388 1694 1445 te
1737 1381 1950 1458 sileb0‚
1994 1388 2103 1446 aut

809 1480 1100 1545 Liberum
1145 1486 1252 1542 aut
1293 1480 1500 1544 saevis
1543 1497 1701 1557 quae
1742 1479 1994 1544 inimica
2035 1479 2214 1561 virgo
2258 1486 2351 1544 est

809 1576 1060 1654 Belluis,
1103 1593 1219 1639 nee
1258 1582 1340 1659 te,
1386 1575 1718 1641 metuende
1759 1582 1928 1640 certa

610 1679 692 1738 24
969 1670 1220 1737 Phoebe
1261 1674 1511 1755 sagitta.
1650 1670 1654 1675 ’

806 1884 1028 1949 Dicam
1072 1889 1134 1948 et
1171 1884 1435 1949 Alciden
1480 1904 1824 1967 puerosque
1867 1885 2086 1972 Ledee,

811 1982 994 2047 Hunc
1038 1981 1232 2064 equis,
1273 1982 1445 2046 illum
1490 2002 1786 2066 superare
1827 1984 2058 2066 pugnis

804 2077 1121 2159 Nobilem3
1164 2099 1421 2163 quorum
1465 2080 1650 2145 simul
1694 2081 1838 2146 alba
1881 2081 2087 2146 nautis

608 2181 687 2241 28
969 2179 1170 2261 Signa
1205 2185 1576 2260 resurgunt,

809 2393 949 2469 Qua
990 2398 1138 2457 ante
1176 2390 1285 2455 flet
1324 2391 1463 2455 saxi
1505 2397 1693 2473 eaput
1732 2412 1774 2456 a
1815 2394 1973 2457 mari
2015 2394 2160 2472 im0‚

805 2488 1155 2555 Concidunt
1194 2486 1367 2552 venti
1407 2484 1777 2569 fugiuntque
1817 2489 2016 2554 nubes
2097 2532 2100 2534 Α

802 2587 887 2652 Et
927 2585 1129 2650 minas
1173 2583 1363 2647 audet
1403 2617 1485 2629 —
1526 2583 1808 2649 valuere!
1852 2621 1929 2631 —
1974 2586 2149 2667 ponti

606 2688 687 2751 32
966 2680 1213 2748 Ludere
1252 2682 1494 2745 cumba.

802 2896 1131 2962 Romulum
1171 2900 1312 2978 post
1355 2893 1469 2959 hos
1510 2893 1682 2977 prius
1713 2913 1791 2959 ae
1831 2893 2102 2975 quietum

802 2992 1068 3075 Pompili
1110 3009 1375 3073 regnum
1417 3008 1773 3069 memorem,
1813 3010 1897 3055 an
1941 2990 2230 3056 subactos

809 3088 1113 3171 Tarquini
1156 3087 1373 3168 fastan,
1414 3087 1651 3169 dubito,
1693 3107 1776 3152 an
1817 3086 2072 3152 Catonis

607 3190 687 3250 36
966 3184 1190 3250 Nobile
1230 3184 1438 3251 letum.

802 3395 1030 3478 Reguli
1072 3415 1319 3463 eaerum
1362 3385 1432 3461 oe
1473 3394 1840 3477 animaeque
1880 3413 2152 3480 magnae

800 3493 1142 3576 Prodigum
1182 3498 1397 3576 peetus
1438 3490 1772 3572 stipulante
1813 3492 2042 3568 Poen0,

801 3591 1047 3659 Graeeo
1088 3596 1151 3656 et
1189 3590 1502 3673 insignem
1539 3588 1807 3656 referam
1849 3594 2125 3655 tumente

606 3696 687 3755 40
966 3687 1343 3770 Fabricium,
1383 3705 1566 3770 quem
