<?xml version="1.0" encoding="UTF-8"?>
<!DOCTYPE html PUBLIC "-//W3C//DTD XHTML 1.0 Transitional//EN"
    "http://www.w3.org/TR/xhtml1/DTD/xhtml1-transitional.dtd">
<html xmlns="http://www.w3.org/1999/xhtml" xml:lang="en" lang="en">
 <head>
  <title>
</title>
<meta http-equiv="Content-Type" content="text/html;charset=utf-8" />
  <meta name='ocr-system' content='tesseract 3.04.00' />
  <meta name='ocr-capabilities' content='ocr_page ocr_carea ocr_par ocr_line ocrx_word'/>
</head>
<body>
  <div class='ocr_page' id='page_1' title='image "./carminalyricaod00ljungoog_0081.png"; bbox 0 0 2946 4583; ppageno 0'>
   <div class='ocr_carea' id='block_1_1' title="bbox 1186 450 2305 532">
    <p class='ocr_par' dir='ltr' id='par_1_1' title="bbox 1186 450 2305 532">
     <span class='ocr_line' id='line_1_1' title="bbox 1186 450 2305 532; baseline 0.007 -17"><span class='ocrx_word' id='word_1_1' title='bbox 1186 450 1339 517; x_wconf 89' lang='lat' dir='ltr'><strong>LIB.</strong></span> <span class='ocrx_word' id='word_1_2' title='bbox 1383 450 1464 532; x_wconf 92' lang='lat'>11,</span> <span class='ocrx_word' id='word_1_3' title='bbox 1510 455 1608 517; x_wconf 89' lang='lat'>13.</span> <span class='ocrx_word' id='word_1_4' title='bbox 2226 461 2305 523; x_wconf 81' lang='lat'>53</span> 
     </span>
    </p>
   </div>
   <div class='ocr_carea' id='block_1_2' title="bbox 693 628 2388 1008">
    <p class='ocr_par' dir='ltr' id='par_1_2' title="bbox 693 628 2184 910">
     <span class='ocr_line' id='line_1_2' title="bbox 696 628 2184 715; baseline 0.007 -21"><span class='ocrx_word' id='word_1_5' title='bbox 696 630 782 695; x_wconf 90' lang='lat' dir='ltr'>Mi</span> <span class='ocrx_word' id='word_1_6' title='bbox 827 628 1110 712; x_wconf 82' lang='lat' dir='ltr'>indulge!</span> <span class='ocrx_word' id='word_1_7' title='bbox 1154 632 1263 715; x_wconf 72' lang='lat' dir='ltr'>Ee,</span> <span class='ocrx_word' id='word_1_8' title='bbox 1306 631 1598 698; x_wconf 89' lang='lat' dir='ltr'>dominae</span> <span class='ocrx_word' id='word_1_9' title='bbox 1640 634 1821 701; x_wconf 87' lang='lat' dir='ltr'>Musa</span> <span class='ocrx_word' id='word_1_10' title='bbox 1862 635 2184 704; x_wconf 83' lang='lat' dir='ltr'>Licinniae</span> 
     </span>
     <span class='ocr_line' id='line_1_3' title="bbox 693 726 2022 809; baseline 0.005 -18"><span class='ocrx_word' id='word_1_11' title='bbox 693 726 936 808; x_wconf 78' lang='lat' dir='ltr'>Collum</span> <span class='ocrx_word' id='word_1_12' title='bbox 980 747 1160 809; x_wconf 88' lang='lat' dir='ltr'>quem</span> <span class='ocrx_word' id='word_1_13' title='bbox 1203 728 1354 793; x_wconf 89' lang='lat' dir='ltr'>velit</span> <span class='ocrx_word' id='word_1_14' title='bbox 1396 735 1459 794; x_wconf 88' lang='lat' dir='ltr'>et</span> <span class='ocrx_word' id='word_1_15' title='bbox 1501 729 1708 796; x_wconf 78' lang='lat' dir='ltr'>dicere</span> <span class='ocrx_word' id='word_1_16' title='bbox 1750 732 2022 799; x_wconf 80' lang='lat' dir='ltr'>lucidum</span> 
     </span>
     <span class='ocr_line' id='line_1_4' title="bbox 693 824 1866 910; baseline 0.006 -23"><span class='ocrx_word' id='word_1_17' title='bbox 693 824 1035 910; x_wconf 82' lang='lat' dir='ltr'><strong>Fulgentes</strong></span> <span class='ocrx_word' id='word_1_18' title='bbox 1077 825 1286 892; x_wconf 86' lang='lat' dir='ltr'>oeulos</span> <span class='ocrx_word' id='word_1_19' title='bbox 1329 832 1393 891; x_wconf 84' lang='lat' dir='ltr'>et</span> <span class='ocrx_word' id='word_1_20' title='bbox 1433 826 1594 891; x_wconf 78' lang='lat' dir='ltr'>bene</span> <span class='ocrx_word' id='word_1_21' title='bbox 1635 829 1866 894; x_wconf 84' lang='lat' dir='ltr'>mutuis</span> 
     </span>
    </p>

    <p class='ocr_par' dir='ltr' id='par_1_3' title="bbox 851 923 2388 1008">
     <span class='ocr_line' id='line_1_5' title="bbox 851 923 2388 1008; baseline 0.007 -22"><span class='ocrx_word' id='word_1_22' title='bbox 851 923 1079 988; x_wconf 86' lang='lat' dir='ltr'>Fidum</span> <span class='ocrx_word' id='word_1_23' title='bbox 1124 929 1336 1008; x_wconf 83' lang='lat' dir='ltr'>peetus</span> <span class='ocrx_word' id='word_1_24' title='bbox 1377 924 1726 1004; x_wconf 81' lang='lat' dir='ltr'>amoribus;</span> <span class='ocrx_word' id='word_1_25' title='bbox 2309 937 2388 997; x_wconf 88' lang='lat'>16</span> 
     </span>
    </p>
   </div>
   <div class='ocr_carea' id='block_1_3' title="bbox 689 1133 2387 1502">
    <p class='ocr_par' dir='ltr' id='par_1_4' title="bbox 689 1133 2387 1502">
     <span class='ocr_line' id='line_1_6' title="bbox 692 1133 2104 1222; baseline 0.005 -21"><span class='ocrx_word' id='word_1_26' title='bbox 692 1133 895 1211; x_wconf 83' lang='lat' dir='ltr'>Quam</span> <span class='ocrx_word' id='word_1_27' title='bbox 936 1155 1052 1202; x_wconf 82' lang='lat' dir='ltr'>nee</span> <span class='ocrx_word' id='word_1_28' title='bbox 1091 1135 1257 1203; x_wconf 86' lang='lat' dir='ltr'>ferre</span> <span class='ocrx_word' id='word_1_29' title='bbox 1298 1138 1522 1222; x_wconf 88' lang='lat' dir='ltr'>pedem</span> <span class='ocrx_word' id='word_1_30' title='bbox 1565 1137 1858 1204; x_wconf 80' lang='lat' dir='ltr'>dedecuit</span> <span class='ocrx_word' id='word_1_31' title='bbox 1899 1140 2104 1208; x_wconf 82' lang='lat' dir='ltr'>eboris</span> 
     </span>
     <span class='ocr_line' id='line_1_7' title="bbox 691 1234 1930 1316; baseline 0.004 -18"><span class='ocrx_word' id='word_1_32' title='bbox 691 1234 823 1298; x_wconf 86' lang='lat' dir='ltr'>Nee</span> <span class='ocrx_word' id='word_1_33' title='bbox 863 1241 1103 1300; x_wconf 77' lang='lat' dir='ltr'>certare</span> <span class='ocrx_word' id='word_1_34' title='bbox 1132 1234 1279 1316; x_wconf 87' lang='lat' dir='ltr'>joeo</span> <span class='ocrx_word' id='word_1_35' title='bbox 1321 1254 1437 1299; x_wconf 86' lang='lat' dir='ltr'>nee</span> <span class='ocrx_word' id='word_1_36' title='bbox 1478 1235 1632 1301; x_wconf 85' lang='lat' dir='ltr'>dare</span> <span class='ocrx_word' id='word_1_37' title='bbox 1674 1237 1930 1303; x_wconf 76' lang='lat' dir='ltr'>brachia.</span> 
     </span>
     <span class='ocr_line' id='line_1_8' title="bbox 689 1331 1903 1416; baseline 0.004 -19"><span class='ocrx_word' id='word_1_38' title='bbox 689 1331 1035 1397; x_wconf 91' lang='lat' dir='ltr'>Ludentem</span> <span class='ocrx_word' id='word_1_39' title='bbox 1078 1332 1293 1397; x_wconf 85' lang='lat' dir='ltr'>nitidis</span> <span class='ocrx_word' id='word_1_40' title='bbox 1334 1332 1686 1416; x_wconf 79' lang='lat' dir='ltr'>virginibus</span> <span class='ocrx_word' id='word_1_41' title='bbox 1725 1354 1903 1402; x_wconf 75' lang='lat' dir='ltr'>suero</span> 
     </span>
     <span class='ocr_line' id='line_1_9' title="bbox 854 1429 2387 1502; baseline 0.004 -7"><span class='ocrx_word' id='word_1_42' title='bbox 854 1430 1099 1496; x_wconf 88' lang='lat' dir='ltr'>Dianae</span> <span class='ocrx_word' id='word_1_43' title='bbox 1142 1429 1403 1497; x_wconf 76' lang='lat' dir='ltr'>celebris</span> <span class='ocrx_word' id='word_1_44' title='bbox 1444 1430 1566 1497; x_wconf 89' lang='lat' dir='ltr'>die.</span> <span class='ocrx_word' id='word_1_45' title='bbox 2308 1440 2387 1502; x_wconf 87' lang='lat'>24</span> 
     </span>
    </p>
   </div>
   <div class='ocr_carea' id='block_1_4' title="bbox 689 1645 2167 2019">
    <p class='ocr_par' dir='ltr' id='par_1_5' title="bbox 689 1645 2167 1921">
     <span class='ocr_line' id='line_1_10' title="bbox 692 1645 2167 1730; baseline 0.004 -22"><span class='ocrx_word' id='word_1_46' title='bbox 692 1645 856 1709; x_wconf 84' lang='lat' dir='ltr'>Num</span> <span class='ocrx_word' id='word_1_47' title='bbox 898 1649 967 1708; x_wconf 88' lang='lat' dir='ltr'>tu</span> <span class='ocrx_word' id='word_1_48' title='bbox 1010 1663 1170 1726; x_wconf 89' lang='lat' dir='ltr'>quae</span> <span class='ocrx_word' id='word_1_49' title='bbox 1210 1645 1409 1708; x_wconf 88' lang='lat' dir='ltr'>tenuit</span> <span class='ocrx_word' id='word_1_50' title='bbox 1450 1645 1630 1711; x_wconf 83' lang='lat' dir='ltr'>dives</span> <span class='ocrx_word' id='word_1_51' title='bbox 1670 1647 2122 1730; x_wconf 74' lang='lat' dir='ltr'>AchaemeneS,</span> <span class='ocrx_word' id='word_1_52' title='bbox 2162 1678 2167 1683; x_wconf 62' lang='grc'><strong><em>’</em></strong></span> 
     </span>
     <span class='ocr_line' id='line_1_11' title="bbox 691 1742 2090 1830; baseline 0.005 -25"><span class='ocrx_word' id='word_1_53' title='bbox 691 1742 817 1805; x_wconf 91' lang='lat' dir='ltr'>Aut</span> <span class='ocrx_word' id='word_1_54' title='bbox 858 1742 1112 1825; x_wconf 82' lang='lat' dir='ltr'>pinguis</span> <span class='ocrx_word' id='word_1_55' title='bbox 1154 1742 1476 1825; x_wconf 83' lang='lat' dir='ltr'>Phrygiae</span> <span class='ocrx_word' id='word_1_56' title='bbox 1517 1744 1899 1828; x_wconf 84' lang='lat' dir='ltr'>Mygdonias</span> <span class='ocrx_word' id='word_1_57' title='bbox 1940 1766 2090 1830; x_wconf 83' lang='lat' dir='ltr'>opes</span> 
     </span>
     <span class='ocr_line' id='line_1_12' title="bbox 689 1838 1848 1921; baseline 0.004 -18"><span class='ocrx_word' id='word_1_58' title='bbox 689 1838 1050 1906; x_wconf 86' lang='lat' dir='ltr'>Permutare</span> <span class='ocrx_word' id='word_1_59' title='bbox 1091 1841 1247 1905; x_wconf 85' lang='lat' dir='ltr'>velis</span> <span class='ocrx_word' id='word_1_60' title='bbox 1288 1840 1458 1905; x_wconf 87' lang='lat' dir='ltr'>erine</span> <span class='ocrx_word' id='word_1_61' title='bbox 1501 1842 1848 1921; x_wconf 76' lang='lat' dir='ltr'>Lieinniae³‚</span> 
     </span>
    </p>

    <p class='ocr_par' dir='ltr' id='par_1_6' title="bbox 856 1937 1834 2019">
     <span class='ocr_line' id='line_1_13' title="bbox 856 1937 1834 2019; baseline 0.004 -18"><span class='ocrx_word' id='word_1_62' title='bbox 856 1937 1084 2003; x_wconf 80' lang='lat' dir='ltr'>Plenas</span> <span class='ocrx_word' id='word_1_63' title='bbox 1124 1944 1235 2003; x_wconf 89' lang='lat' dir='ltr'>aut</span> <span class='ocrx_word' id='word_1_64' title='bbox 1275 1938 1554 2004; x_wconf 86' lang='lat' dir='ltr'><strong>Arabum</strong></span> <span class='ocrx_word' id='word_1_65' title='bbox 1597 1938 1834 2019; x_wconf 72' lang='lat' dir='ltr'>dom08,</span> 
     </span>
    </p>
   </div>
   <div class='ocr_carea' id='block_1_5' title="bbox 691 2148 2065 2528">
    <p class='ocr_par' dir='ltr' id='par_1_7' title="bbox 691 2148 2015 2234">
     <span class='ocr_line' id='line_1_14' title="bbox 691 2148 2015 2234; baseline 0.004 -20"><span class='ocrx_word' id='word_1_66' title='bbox 691 2148 895 2226; x_wconf 82' lang='lat' dir='ltr'>Quum</span> <span class='ocrx_word' id='word_1_67' title='bbox 934 2150 1273 2234; x_wconf 85' lang='lat' dir='ltr'>flagrantia</span> <span class='ocrx_word' id='word_1_68' title='bbox 1314 2151 1638 2234; x_wconf 82' lang='lat' dir='ltr'>detorquet</span> <span class='ocrx_word' id='word_1_69' title='bbox 1679 2153 1762 2217; x_wconf 89' lang='lat' dir='ltr'>ad</span> <span class='ocrx_word' id='word_1_70' title='bbox 1805 2154 2015 2220; x_wconf 80' lang='lat' dir='ltr'>oscula</span> 
     </span>
    </p>

    <p class='ocr_par' dir='ltr' id='par_1_8' title="bbox 692 2247 1944 2333">
     <span class='ocr_line' id='line_1_15' title="bbox 692 2247 1944 2333; baseline 0 -18"><span class='ocrx_word' id='word_1_71' title='bbox 692 2248 1014 2315; x_wconf 86' lang='lat' dir='ltr'>Cervieem</span> <span class='ocrx_word' id='word_1_72' title='bbox 1055 2253 1163 2313; x_wconf 89' lang='lat' dir='ltr'>aut</span> <span class='ocrx_word' id='word_1_73' title='bbox 1205 2247 1375 2314; x_wconf 79' lang='lat' dir='ltr'>facili</span> <span class='ocrx_word' id='word_1_74' title='bbox 1417 2249 1682 2315; x_wconf 84' lang='lat' dir='ltr'>saevitia</span> <span class='ocrx_word' id='word_1_75' title='bbox 1723 2255 1944 2333; x_wconf 88' lang='lat' dir='ltr'>negat,</span> 
     </span>
    </p>

    <p class='ocr_par' dir='ltr' id='par_1_9' title="bbox 695 2346 2065 2528">
     <span class='ocr_line' id='line_1_16' title="bbox 695 2346 2065 2431; baseline 0.001 -20"><span class='ocrx_word' id='word_1_76' title='bbox 695 2346 871 2423; x_wconf 84' lang='lat' dir='ltr'>Quae</span> <span class='ocrx_word' id='word_1_77' title='bbox 911 2366 953 2412; x_wconf 82' lang='lat' dir='ltr'>a</span> <span class='ocrx_word' id='word_1_78' title='bbox 993 2352 1286 2429; x_wconf 79' lang='lat' dir='ltr'>poscente</span> <span class='ocrx_word' id='word_1_79' title='bbox 1326 2348 1531 2430; x_wconf 82' lang='lat' dir='ltr'>magis</span> <span class='ocrx_word' id='word_1_80' title='bbox 1574 2347 1849 2429; x_wconf 85' lang='lat' dir='ltr'>gaudeat</span> <span class='ocrx_word' id='word_1_81' title='bbox 1889 2347 2065 2431; x_wconf 84' lang='lat' dir='ltr'>eripi,</span> 
     </span>
     <span class='ocr_line' id='line_1_17' title="bbox 859 2443 1953 2528; baseline 0 -20"><span class='ocrx_word' id='word_1_82' title='bbox 859 2445 1022 2509; x_wconf 92' lang='lat' dir='ltr'>Dum</span> <span class='ocrx_word' id='word_1_83' title='bbox 1068 2443 1350 2510; x_wconf 87' lang='lat' dir='ltr'>fraudem</span> <span class='ocrx_word' id='word_1_84' title='bbox 1392 2464 1615 2528; x_wconf 85' lang='lat' dir='ltr'>rapere</span> <span class='ocrx_word' id='word_1_85' title='bbox 1657 2445 1953 2526; x_wconf 77' lang='lat' dir='ltr'>occupat?</span> 
     </span>
    </p>
   </div>
   <div class='ocr_carea' id='block_1_6' title="bbox 1001 2709 1799 2927">
    <p class='ocr_par' dir='ltr' id='par_1_10' title="bbox 1001 2709 1799 2927">
     <span class='ocr_line' id='line_1_18' title="bbox 1306 2709 1482 2772; baseline 0 0"><span class='ocrx_word' id='word_1_86' title='bbox 1306 2709 1482 2772; x_wconf 87' lang='lat' dir='ltr'>Xiii.</span> 
     </span>
     <span class='ocr_line' id='line_1_19' title="bbox 1001 2856 1799 2927; baseline 0.001 -12"><span class='ocrx_word' id='word_1_87' title='bbox 1001 2858 1091 2915; x_wconf 75' lang='lat' dir='ltr'>Al)</span> <span class='ocrx_word' id='word_1_88' title='bbox 1126 2856 1439 2915; x_wconf 77' lang='lat' dir='ltr'>ARBOREM</span> <span class='ocrx_word' id='word_1_89' title='bbox 1472 2856 1799 2927; x_wconf 74' lang='lat' dir='ltr'><strong>ADUNGUM,</strong></span> 
     </span>
    </p>
   </div>
   <div class='ocr_carea' id='block_1_7' title="bbox 478 2990 2465 3866">
    <p class='ocr_par' dir='ltr' id='par_1_11' title="bbox 478 2990 2465 3866">
     <span class='ocr_line' id='line_1_20' title="bbox 479 2990 2399 3057; baseline 0.001 -14"><span class='ocrx_word' id='word_1_90' title='bbox 479 2991 630 3055; x_wconf 81' lang='lat' dir='ltr'>cujus</span> <span class='ocrx_word' id='word_1_91' title='bbox 671 2993 773 3046; x_wconf 86' lang='lat' dir='ltr'>ictu</span> <span class='ocrx_word' id='word_1_92' title='bbox 808 3005 973 3057; x_wconf 81' lang='lat' dir='ltr'>prope</span> <span class='ocrx_word' id='word_1_93' title='bbox 1010 2993 1383 3054; x_wconf 89' lang='lat' dir='ltr'>interemptum</span> <span class='ocrx_word' id='word_1_94' title='bbox 1419 3003 1480 3042; x_wconf 87' lang='lat' dir='ltr'>se</span> <span class='ocrx_word' id='word_1_95' title='bbox 1519 2990 1586 3041; x_wconf 82' lang='lat' dir='ltr'>ad</span> <span class='ocrx_word' id='word_1_96' title='bbox 1621 2991 1825 3044; x_wconf 79' lang='lat' dir='ltr'>inferos</span> <span class='ocrx_word' id='word_1_97' title='bbox 1862 2992 2062 3044; x_wconf 80' lang='lat' dir='ltr'>adiisse</span> <span class='ocrx_word' id='word_1_98' title='bbox 2096 2990 2265 3056; x_wconf 82' lang='lat' dir='ltr'>fingit,</span> <span class='ocrx_word' id='word_1_99' title='bbox 2306 2993 2399 3045; x_wconf 88' lang='lat' dir='ltr'>ubi</span> 
     </span>
     <span class='ocr_line' id='line_1_21' title="bbox 478 3072 2400 3139; baseline 0 -14"><span class='ocrx_word' id='word_1_100' title='bbox 478 3085 637 3136; x_wconf 88' lang='lat' dir='ltr'>quum</span> <span class='ocrx_word' id='word_1_101' title='bbox 675 3088 773 3127; x_wconf 82' lang='lat' dir='ltr'>sua</span> <span class='ocrx_word' id='word_1_102' title='bbox 811 3086 1021 3139; x_wconf 87' lang='lat' dir='ltr'>quoque</span> <span class='ocrx_word' id='word_1_103' title='bbox 1058 3078 1290 3125; x_wconf 81' lang='lat' dir='ltr'>carmina</span> <span class='ocrx_word' id='word_1_104' title='bbox 1323 3072 1389 3123; x_wconf 83' lang='lat' dir='ltr'>ab</span> <span class='ocrx_word' id='word_1_105' title='bbox 1444 3072 1648 3123; x_wconf 85' lang='lat' dir='ltr'>umbris</span> <span class='ocrx_word' id='word_1_106' title='bbox 1669 3073 1798 3123; x_wconf 80' lang='lat' dir='ltr'>satis</span> <span class='ocrx_word' id='word_1_107' title='bbox 1818 3073 2052 3137; x_wconf 81' lang='lat' dir='ltr'>probari,</span> <span class='ocrx_word' id='word_1_108' title='bbox 2073 3077 2182 3124; x_wconf 91' lang='lat' dir='ltr'>tum</span> <span class='ocrx_word' id='word_1_109' title='bbox 2201 3073 2400 3125; x_wconf 85' lang='lat' dir='ltr'>AEnei-</span> 
     </span>
     <span class='ocr_line' id='line_1_22' title="bbox 479 3152 2465 3219; baseline 0 -14"><span class='ocrx_word' id='word_1_110' title='bbox 479 3154 547 3206; x_wconf 77' lang='lat' dir='ltr'>da</span> <span class='ocrx_word' id='word_1_111' title='bbox 580 3156 796 3219; x_wconf 83' lang='lat' dir='ltr'>vergilii</span> <span class='ocrx_word' id='word_1_112' title='bbox 838 3155 997 3218; x_wconf 79' lang='lat' dir='ltr'>paulo</span> <span class='ocrx_word' id='word_1_113' title='bbox 1033 3158 1153 3216; x_wconf 87' lang='lat' dir='ltr'>post</span> <span class='ocrx_word' id='word_1_114' title='bbox 1188 3153 1375 3203; x_wconf 89' lang='lat' dir='ltr'>eodem</span> <span class='ocrx_word' id='word_1_115' title='bbox 1424 3152 1758 3204; x_wconf 79' lang='lat' dir='ltr'>advenientis</span> <span class='ocrx_word' id='word_1_116' title='bbox 1803 3154 2004 3216; x_wconf 78' lang='lat' dir='ltr'>ingenti</span> <span class='ocrx_word' id='word_1_117' title='bbox 2040 3152 2265 3217; x_wconf 78' lang='lat' dir='ltr'>quadam</span> <span class='ocrx_word' id='word_1_118' title='bbox 2302 3153 2400 3205; x_wconf 81' lang='lat' dir='ltr'>ad·</span> <span class='ocrx_word' id='word_1_119' title='bbox 2460 3163 2465 3168; x_wconf 84' lang='lat'>&#39;</span> 
     </span>
     <span class='ocr_line' id='line_1_23' title="bbox 479 3234 2400 3298; baseline 0.001 -12"><span class='ocrx_word' id='word_1_120' title='bbox 479 3235 764 3288; x_wconf 75' lang='lat' dir='ltr'>miratione</span> <span class='ocrx_word' id='word_1_121' title='bbox 818 3236 986 3297; x_wconf 77' lang='lat' dir='ltr'>accipi</span> <span class='ocrx_word' id='word_1_122' title='bbox 1046 3234 1304 3284; x_wconf 85' lang='lat' dir='ltr'>didicerit.</span> <span class='ocrx_word' id='word_1_123' title='bbox 1375 3234 1599 3296; x_wconf 88' lang='lat' dir='ltr'>Dempto</span> <span class='ocrx_word' id='word_1_124' title='bbox 1650 3235 1922 3286; x_wconf 87' lang='lat' dir='ltr'>involucro</span> <span class='ocrx_word' id='word_1_125' title='bbox 1976 3236 2265 3298; x_wconf 76' lang='lat' dir='ltr'>allegorico</span> <span class='ocrx_word' id='word_1_126' title='bbox 2309 3248 2400 3288; x_wconf 86' lang='lat' dir='ltr'>re-</span> 
     </span>
     <span class='ocr_line' id='line_1_24' title="bbox 478 3314 2401 3381; baseline 0.001 -15"><span class='ocrx_word' id='word_1_127' title='bbox 478 3315 751 3381; x_wconf 83' lang='lat' dir='ltr'>linquitur,</span> <span class='ocrx_word' id='word_1_128' title='bbox 788 3322 845 3370; x_wconf 90' lang='lat' dir='ltr'>ut</span> <span class='ocrx_word' id='word_1_129' title='bbox 879 3317 1038 3380; x_wconf 74' lang='lat' dir='ltr'>poeta</span> <span class='ocrx_word' id='word_1_130' title='bbox 1073 3316 1129 3367; x_wconf 93' lang='lat' dir='ltr'>in</span> <span class='ocrx_word' id='word_1_131' title='bbox 1164 3326 1383 3367; x_wconf 88' lang='lat' dir='ltr'>nemore</span> <span class='ocrx_word' id='word_1_132' title='bbox 1426 3315 1726 3379; x_wconf 71' lang='lat' dir='ltr'>ambulem,</span> <span class='ocrx_word' id='word_1_133' title='bbox 1767 3314 1891 3367; x_wconf 89' lang='lat' dir='ltr'>dum</span> <span class='ocrx_word' id='word_1_134' title='bbox 1926 3315 1982 3367; x_wconf 90' lang='lat' dir='ltr'>in</span> <span class='ocrx_word' id='word_1_135' title='bbox 2013 3317 2257 3378; x_wconf 85' lang='lat' dir='ltr'>legendis</span> <span class='ocrx_word' id='word_1_136' title='bbox 2281 3328 2401 3368; x_wconf 58' lang='lat' dir='ltr'>car-v</span> 
     </span>
     <span class='ocr_line' id='line_1_25' title="bbox 480 3395 2401 3462; baseline 0.001 -16"><span class='ocrx_word' id='word_1_137' title='bbox 480 3395 711 3448; x_wconf 81' lang='lat' dir='ltr'>minibus</span> <span class='ocrx_word' id='word_1_138' title='bbox 766 3399 1012 3462; x_wconf 78' lang='lat' dir='ltr'>Sapphus</span> <span class='ocrx_word' id='word_1_139' title='bbox 1064 3396 1351 3459; x_wconf 80' lang='lat' dir='ltr'>Alcaeique</span> <span class='ocrx_word' id='word_1_140' title='bbox 1404 3399 1546 3448; x_wconf 85' lang='lat' dir='ltr'>totus</span> <span class='ocrx_word' id='word_1_141' title='bbox 1599 3399 1703 3458; x_wconf 81' lang='lat' dir='ltr'>est,</span> <span class='ocrx_word' id='word_1_142' title='bbox 1754 3398 1911 3458; x_wconf 79' lang='lat' dir='ltr'>caput</span> <span class='ocrx_word' id='word_1_143' title='bbox 1953 3397 2297 3448; x_wconf 87' lang='lat' dir='ltr'>vehementer</span> <span class='ocrx_word' id='word_1_144' title='bbox 2332 3396 2401 3447; x_wconf 77' lang='lat' dir='ltr'>ad</span> 
     </span>
     <span class='ocr_line' id='line_1_26' title="bbox 483 3476 2402 3541; baseline 0.001 -14"><span class='ocrx_word' id='word_1_145' title='bbox 483 3476 778 3530; x_wconf 89' lang='lat' dir='ltr'>demissum</span> <span class='ocrx_word' id='word_1_146' title='bbox 815 3491 1005 3532; x_wconf 85' lang='lat' dir='ltr'>uncum</span> <span class='ocrx_word' id='word_1_147' title='bbox 1045 3477 1318 3541; x_wconf 80' lang='lat' dir='ltr'>cujusdam</span> <span class='ocrx_word' id='word_1_148' title='bbox 1358 3476 1567 3530; x_wconf 82' lang='lat' dir='ltr'>arboris</span> <span class='ocrx_word' id='word_1_149' title='bbox 1615 3478 1917 3541; x_wconf 80' lang='lat' dir='ltr'>offenderit,</span> <span class='ocrx_word' id='word_1_150' title='bbox 1958 3479 2194 3529; x_wconf 79' lang='lat' dir='ltr'>attamen</span> <span class='ocrx_word' id='word_1_151' title='bbox 2231 3488 2300 3528; x_wconf 86' lang='lat' dir='ltr'>ex</span> <span class='ocrx_word' id='word_1_152' title='bbox 2334 3488 2402 3528; x_wconf 79' lang='lat' dir='ltr'>ea</span> 
     </span>
     <span class='ocr_line' id='line_1_27' title="bbox 481 3556 2402 3623; baseline -0.002 -12"><span class='ocrx_word' id='word_1_153' title='bbox 481 3559 709 3611; x_wconf 87' lang='lat' dir='ltr'>lectione</span> <span class='ocrx_word' id='word_1_154' title='bbox 757 3559 1098 3623; x_wconf 81' lang='lat' dir='ltr'>intellexerit,</span> <span class='ocrx_word' id='word_1_155' title='bbox 1153 3571 1251 3610; x_wconf 83' lang='lat' dir='ltr'>sua</span> <span class='ocrx_word' id='word_1_156' title='bbox 1302 3559 1538 3610; x_wconf 75' lang='lat' dir='ltr'>carmina</span> <span class='ocrx_word' id='word_1_157' title='bbox 1591 3557 1804 3610; x_wconf 78' lang='lat' dir='ltr'>Graecis</span> <span class='ocrx_word' id='word_1_158' title='bbox 1860 3556 1964 3607; x_wconf 90' lang='lat' dir='ltr'>illis</span> <span class='ocrx_word' id='word_1_159' title='bbox 2014 3567 2122 3608; x_wconf 90' lang='lat' dir='ltr'>non</span> <span class='ocrx_word' id='word_1_160' title='bbox 2156 3568 2281 3608; x_wconf 80' lang='lat' dir='ltr'>esse</span> <span class='ocrx_word' id='word_1_161' title='bbox 2315 3556 2402 3608; x_wconf 92' lang='lat' dir='ltr'>in-</span> 
     </span>
     <span class='ocr_line' id='line_1_28' title="bbox 484 3638 2398 3702; baseline -0.001 -12"><span class='ocrx_word' id='word_1_162' title='bbox 484 3640 686 3691; x_wconf 77' lang='lat' dir='ltr'>feriora</span> <span class='ocrx_word' id='word_1_163' title='bbox 742 3644 795 3691; x_wconf 90' lang='lat' dir='ltr'>et</span> <span class='ocrx_word' id='word_1_164' title='bbox 847 3641 912 3691; x_wconf 80' lang='lat' dir='ltr'>ad</span> <span class='ocrx_word' id='word_1_165' title='bbox 950 3641 1175 3692; x_wconf 79' lang='lat' dir='ltr'>eandem</span> <span class='ocrx_word' id='word_1_166' title='bbox 1235 3652 1386 3702; x_wconf 88' lang='lat' dir='ltr'>spem</span> <span class='ocrx_word' id='word_1_167' title='bbox 1444 3638 1856 3691; x_wconf 78' lang='lat' dir='ltr'>immortalitatis</span> <span class='ocrx_word' id='word_1_168' title='bbox 1916 3638 2159 3700; x_wconf 79' lang='lat' dir='ltr'>aspirare</span> <span class='ocrx_word' id='word_1_169' title='bbox 2214 3647 2398 3700; x_wconf 87' lang='lat' dir='ltr'>posse,</span> 
     </span>
     <span class='ocr_line' id='line_1_29' title="bbox 486 3717 2403 3784; baseline -0.002 -12"><span class='ocrx_word' id='word_1_170' title='bbox 486 3733 803 3784; x_wconf 76' lang='lat' dir='ltr'>quamquam</span> <span class='ocrx_word' id='word_1_171' title='bbox 840 3721 1031 3773; x_wconf 81' lang='lat' dir='ltr'>cedant</span> <span class='ocrx_word' id='word_1_172' title='bbox 1062 3721 1285 3773; x_wconf 86' lang='lat' dir='ltr'>AEneidi</span> <span class='ocrx_word' id='word_1_173' title='bbox 1334 3720 1690 3784; x_wconf 79' lang='lat' dir='ltr'>vergilianae,</span> <span class='ocrx_word' id='word_1_174' title='bbox 1733 3731 1835 3782; x_wconf 86' lang='lat' dir='ltr'>qua</span> <span class='ocrx_word' id='word_1_175' title='bbox 1871 3717 2210 3771; x_wconf 77' lang='lat' dir='ltr'>inlaudanda</span> <span class='ocrx_word' id='word_1_176' title='bbox 2243 3728 2403 3780; x_wconf 80' lang='lat' dir='ltr'>prae-</span> 
     </span>
     <span class='ocr_line' id='line_1_30' title="bbox 490 3791 1705 3866; baseline -0.003 -13"><span class='ocrx_word' id='word_1_177' title='bbox 490 3802 699 3866; x_wconf 84' lang='lat' dir='ltr'>cipuum</span> <span class='ocrx_word' id='word_1_178' title='bbox 738 3801 988 3857; x_wconf 77' lang='lat' dir='ltr'>carminis</span> <span class='ocrx_word' id='word_1_179' title='bbox 1024 3801 1304 3854; x_wconf 85' lang='lat' dir='ltr'>consilium</span> <span class='ocrx_word' id='word_1_180' title='bbox 1339 3791 1421 3854; x_wconf 83' lang='lat' dir='ltr'>est</span> <span class='ocrx_word' id='word_1_181' title='bbox 1456 3800 1705 3863; x_wconf 88' lang='lat' dir='ltr'>positum.</span> 
     </span>
    </p>
   </div>
  </div>
 </body>
</html>
