2946 4583
713 423 834 486 132
1415 422 1574 488 LIB.
1621 424 1699 505 V,
1737 428 1799 490 2.

867 603 1045 683 Ergo
1087 608 1197 670 aut
1236 603 1486 670 adultas
1526 606 1748 671 vitium
1791 606 2176 690 propagines

949 697 1135 764 Ulmo
1177 701 1430 766 maritet
1473 701 1735 768 collibus

866 794 1244 876 Inutilesque
1284 795 1445 861 falce
1488 819 1696 866 ramos
1737 807 2074 884 amputans

618 896 696 957 12
941 890 1280 957 Feliciores
1320 894 1557 974 inserit,

859 989 989 1053 Aut
1029 988 1094 1050 in
1135 988 1394 1054 reducta
1437 992 1606 1059 valle
1648 994 2061 1075 mugientium

939 1086 1303 1168 Prospectat
1345 1098 1630 1153 errantes
1671 1110 1901 1173 greges
1917 1141 1933 1171 ‚

855 1185 985 1248 Aut
1025 1202 1244 1266 pressa
1286 1185 1461 1266 puris
1499 1185 1683 1251 mella
1725 1187 1938 1253 condit
1978 1188 2303 1272 amphoris

609 1287 691 1349 16
935 1281 1064 1345 Aut
1106 1279 1320 1344 tondet
1361 1280 1640 1346 infirmas
1682 1302 1832 1348 oves
1846 1304 1883 1362 ;.

854 1377 971 1443 Vel
1013 1395 1200 1458 quum
1243 1375 1537 1444 decorum
1581 1379 1835 1446 mitibus
1883 1382 2085 1464 pomis
2127 1388 2322 1465 caput

938 1475 1329 1539 Auctumnus
1371 1474 1549 1555 agris
1591 1475 1832 1556 extulit,

850 1571 937 1639 Ut
979 1572 1216 1655 gaudet
1256 1571 1515 1638 insitiva
1555 1570 1896 1652 decerpens
1942 1593 2108 1655 pyra

605 1676 687 1738 20
932 1669 1289 1735 Certantcm
1335 1674 1396 1733 et
1440 1687 1626 1734 uvam
1670 1687 2010 1751 purpurae,
2098 1720 2105 1727 .

848 1765 990 1841 Qua
1030 1772 1384 1832 muneretur
1429 1771 1511 1843 te,
1552 1766 1802 1849 Priape,
1844 1772 1908 1832 et
1948 1772 2030 1847 te,
2071 1774 2254 1851 pater

930 1863 1209 1944 Silvano,
1251 1869 1416 1927 tutor
1458 1860 1703 1924 finiuml

844 1961 1030 2027 Libet
1059 1960 1275 2042 jacere
1316 1957 1503 2024 modo
1546 1959 1660 2024 sub
1704 1958 1960 2040 antiqua
2001 1960 2162 2041 ilice,

598 2063 682 2124 24
927 2057 1115 2123 Modo
1158 2057 1223 2121 in
1268 2056 1505 2121 tumaci
1545 2056 1851 2138 gramine,

843 2155 1169 2220 Labuntur
1211 2153 1340 2218 alto
1384 2154 1491 2218 ubi
1533 2154 1782 2218 interim
1824 2154 1944 2220 rivi
1987 2173 2197 2237 specu,

922 2250 1281 2329 Queruntur
1324 2251 1389 2317 in
1435 2250 1613 2316 silvis
1655 2249 1805 2316 dum
1848 2272 2000 2319 aves

840 2350 1184 2430 Fontisque
1223 2347 1502 2431 lymphis
1544 2348 1911 2431 obstrepunt
1951 2350 2344 2432 conantibus,

593 2452 673 2512 28
923 2446 1189 2512 Somnos
1231 2443 1396 2526 quod
1438 2443 1662 2507 invitet
1701 2442 1893 2509 leves.

837 2546 926 2610 At
965 2563 1152 2626 quum
1195 2544 1467 2607 minatus
1509 2559 1714 2604 annus
1756 2538 2001 2606 hiberni
2044 2542 2225 2607 Jovis

920 2640 1158 2705 Imbres
1201 2640 1500 2720 nivesque
1541 2645 1880 2721 comparat,

836 2738 965 2802 Aut
1005 2738 1200 2804 trudit
1242 2755 1417 2801 acres
1462 2736 1608 2799 hinc
1650 2741 1714 2799 et
1757 2734 1901 2799 hinc
1941 2735 2135 2800 multa
2175 2753 2338 2803 cane

589 2839 670 2899 32
917 2835 1151 2916 Plagas
1192 2833 1258 2897 in
1302 2833 1621 2897 obstantes
1663 2850 1868 2915 apros,

834 2932 1123 2997 Pastisve
1162 2932 1363 2995 cervis
1406 2948 1553 2994 rura
1593 2929 1796 2994 tendit
1834 2930 1992 2996 retia
2033 2936 2142 2996 aut

917 3028 1149 3093 Turdis
1191 3026 1488 3094 edacibus
1528 3026 1727 3108 dolos,

834 3126 1111 3209 Arvique
1152 3128 1425 3210 leporem
1466 3131 1534 3191 et
1571 3125 1882 3191 advenam
1925 3145 2145 3209 gruem
2187 3125 2330 3191 lacu

588 3226 670 3286 36
919 3222 1210 3289 Jucunda
1251 3228 1461 3306 capt-at
1502 3223 1804 3307 praemia.

835 3318 990 3396 Quis
1030 3338 1157 3384 non
1198 3320 1520 3399 malorum,
1563 3339 1723 3401 quae
1763 3339 1962 3402 creas,
2002 3319 2277 3386 habendi
2317 3339 2539 3405 amor,

916 3418 1091 3481 Haec
1131 3416 1292 3481 inter
1332 3417 1758 3482 obliviscitur?

834 3511 1072 3589 Quodsi
1112 3511 1338 3596 pudica
1381 3513 1601 3578 mulier
1642 3514 1706 3577 in
1749 3519 1995 3597 partem
2023 3513 2207 3597 ,iuvet

587 3616 669 3675 40
914 3611 1183 3675 Domum
1227 3616 1413 3692 atque
1452 3609 1668 3674 dulces
1711 3610 1960 3690 liberos,

831 3706 1070 3773 Sabina
1112 3708 1311 3788 qualis
1352 3714 1460 3772 aut
1503 3714 1755 3790 perusta
1797 3707 2032 3774 solibus

886 3803 1189 3869 -Pcrnicis
1231 3823 1386 3871 uxor
1427 3803 1644 3886 Apuli,
