2946 4583
608 910 686 967 36

602 1380 682 1438 40

596 1837 676 1895 44

697 433 775 493 76

593 2312 693 2370 48-

591 2784 671 2844 52

1394 429 1550 494 LIB.
1594 429 1706 507 111,
1749 433 1806 492 5.

856 612 976 685 Qvi
1020 632 1058 674 a
1101 608 1355 692 perfidis
1397 610 1487 674 sic
1529 610 1809 674 redditur
1853 610 2151 687 hostibus,

855 711 937 773 Et
980 710 1180 772 Marte
1220 709 1461 773 Poenos
1507 716 1778 790 proteret
1820 708 2046 787 altere,

936 804 1053 882 Qui
1100 806 1229 870 lora
1273 806 1576 869 restrictis
1619 805 1866 870 lacertis

1018 904 1227 968 Sensit
1268 903 1436 967 iners
1483 904 1855 985 meritusque
1898 911 2154 967 mortem
2200 907 2335 978 est,-

851 1086 1097 1148 Certam
1145 1082 1310 1147 unde
1353 1085 1546 1147 vitam
1590 1092 1860 1148 sumeret
1901 1084 2107 1166 aptius

851 1183 1147 1257 Minante,
1195 1181 1290 1244 vel
1336 1181 1484 1244 dum
1527 1181 1765 1244 nesciit.
1852 1180 1906 1245 Ο
1950 1179 2201 1262 prober!

929 1279 1214 1341 Romana
1256 1277 1446 1340 corda
1488 1297 1730 1359 augens
1770 1277 1989 1360 peribo
2032 1284 2096 1342 et

1012 1374 1188 1439 Ultor
1231 1393 1335 1439 ero
1379 1374 1602 1439 Italiae
1644 1394 1723 1438 ex
1766 1374 2019 1439 ruinis!”

843 1539 1064 1602 Fertur
1108 1538 1372 1621 pudicae
1413 1538 1698 1621 conjugis
1741 1539 2013 1603 osculum

842 1637 1200 1715 Parvosque
1242 1642 1441 1713 natos,
1485 1644 1553 1699 ut
1594 1636 1803 1719 cupidi
1847 1636 2188 1712 imminent,

923 1733 1023 1796 Ab
1065 1752 1134 1796 se
1177 1733 1517 1797 removisse
1558 1741 1621 1797 et
1663 1732 1905 1798 virilem

1007 1831 1250 1894 Torvus
1295 1830 1464 1891 humi
1509 1830 1788 1910 posuisse
1830 1829 2091 1910 vultum,

846 2011 1064 2075 Donec
1104 2008 1390 2072 labantes
1433 2010 1690 2074 consilio
1732 2016 1944 2092 patres

840 2108 1080 2172 Firmat
1121 2114 1334 2189 togam
1377 2114 1591 2171 auctor
1632 2126 1755 2170 non
1800 2106 2116 2172 maculans
2158 2107 2369 2171 datam

927 2204 1141 2285 Grege
1183 2212 1369 2285 atque
1412 2212 1794 2269 mercantum
1837 2204 1972 2287 ipse
2015 2204 2212 2285 major

1009 2303 1092 2366 Se
1133 2303 1342 2366 reditu
1385 2322 1459 2366 ac
1501 2304 1754 2385 proprio
1797 2303 1976 2366 orbat
2016 2303 2214 2367 exsul.

839 2485 1029 2564 Atqui
1073 2483 1329 2562 sciebat,
1374 2500 1533 2563 quae
1573 2483 1689 2547 sibi
1738 2482 2044 2546 barbarus

839 2583 1067 2646 Tortor
1108 2587 1396 2663 pararet3
1439 2599 1562 2643 non
1608 2578 1792 2643 aliter
1831 2587 2042 2642 tamen

921 2677 1201 2743 Dimovit
1243 2677 1563 2740 obstantes
1608 2677 1840 2741 amicos

1001 2777 1084 2840 Et
1125 2772 1420 2858 populum
1459 2773 1790 2854 egrediens
1832 2781 2192 2854 morantem,

837 2955 1037 3032 Quam
1082 2955 1136 3018 si
1179 2953 1470 3017 clientum
1513 2953 1705 3034 longa
1747 2955 2004 3035 negotia

838 3050 1195 3135 Dijudicata
1237 3050 1345 3114 lite
1386 3049 1788 3131 relinqueret,

918 3148 1214 3214 Tendens
1257 3147 1651 3213 Venafranos
1693 3147 1756 3211 in
1801 3167 1991 3230 agros

1001 3250 1127 3312 Aut
1169 3245 1729 3312 Lacedaemonium
1773 3247 2131 3311 Tarentum.
