2946 4583
677 380 799 442 134
1401 374 1560 442 LIB.
1604 374 1681 446 V,
1721 379 1780 439 4.

1534 555 1647 622 111.

1304 700 1394 758 AB
1427 699 1896 770 mmmmm,

736 815 900 870 quum
933 802 1039 855 vati
1077 802 1245 853 amico
1282 802 1463 853 auium
1519 804 1851 853 coenandum
1900 805 2260 866 apposuisset.
2330 806 2420 855 Vv.
2466 808 2603 859 1—3

737 886 978 938 altudunt
1018 883 1084 935 ad
1122 886 1230 935 Sat.
1265 885 1327 949 11,
1370 887 1416 947 1,
1453 883 1673 946 53-56,
1715 885 1865 947 quasi
1901 885 1993 935 illa
2032 888 2266 939 narratio
2280 887 2387 950 jam
2421 888 2602 941 corri-

738 968 913 1031 genda
949 966 1038 1022 sit.

925 1060 1248 1168 Parentis
1289 1093 1396 1158 ille
1438 1113 1706 1176 nequam
1749 1100 1818 1157 ut
1859 1094 2054 1179 impia
2098 1114 2286 1160 manu

1014 1193 1111 1257 Ne
1152 1189 1320 1256 anile
1362 1197 1581 1273 guttur
1623 1188 1962 1273 frangeret,

917 1289 1109 1356 Dedit
1150 1289 1366 1354 cicutis
1409 1288 1623 1364 allium
1668 1288 2010 1353 nocentius,

602 1392 645 1451 4
1016 1387 1071 1453 O
1115 1387 1274 1452 dura
1314 1406 1658 1450 messorum
1702 1384 1837 1450 ilia!

935 1483 1101 1562 Quid
1143 1484 1262 1548 hoc
1303 1483 1530 1547 veneni
1573 1483 1774 1547 saevit
1814 1482 1880 1545 in
1922 1482 2349 1564 praecordiis?

1020 1584 1187 1648 Num
1229 1581 1551 1664 viperinus
1596 1580 1693 1644 his
1737 1598 1918 1643 cruor

932 1680 1217 1745 Incoctus
1259 1677 1473 1741 herbis
1517 1694 1615 1739 me
1656 1674 1917 1740 fefellit?
1959 1697 2041 1741 an
2085 1679 2285 1745 malas

605 1777 647 1837 8
1018 1775 1285 1841 Canidia
1327 1773 1620 1839 tractavit
1663 1772 1901 1855 dapes?

934 1874 1020 1940 Ut
1059 1875 1463 1956 Argonautas
1506 1878 1753 1953 praeter
1797 1891 2013 1936 omnes
2056 1872 2393 1939 candidum

1023 1969 1251 2035 Medea
1293 1968 1519 2052 mirata
1562 1974 1656 2033 est
1697 1969 1938 2051 ducem,

933 2066 1146 2151 Ignita
1185 2072 1505 2134 taurorum
1545 2066 1944 2149 alligaturum
1975 2066 2139 2151 juga

611 2165 691 2227 12
1018 2165 1300 2230 Protexit
1342 2164 1460 2228 hoc
1503 2165 1819 2244 Iasonem3
1863 2171 1926 2230 et

938 2264 1074 2329 Hoc
1116 2262 1407 2328 delibutis
1450 2260 1582 2327 ulta
1625 2260 1805 2327 donis
1848 2262 2132 2348 pellicem

1027 2360 1333 2444 Serpente
1376 2359 1537 2446 fugit
1579 2360 1744 2424 alite.

938 2456 1072 2521 Nec
1113 2462 1322 2522 tantus
1365 2474 1660 2536 umquam
1702 2456 1975 2522 siderum
2017 2459 2248 2525 insedit
2288 2480 2492 2544 vapor

561 2616 568 2623 .
616 2557 692 2617 16
1023 2553 1393 2619 Siticulosae
1433 2553 1724 2641 Apuliae,

733 2654 747 2661 ”
938 2653 1072 2718 Nec
1106 2671 1332 2718 munus
1374 2651 1650 2718 humeris
1695 2652 1966 2717 efficacis
2007 2652 2295 2719 Herculis

1027 2751 1256 2814 Inarsit
1297 2751 1664 2817 aestuosiuS.

947 2846 1033 2911 At
1077 2848 1129 2910 si
1172 2847 1324 2929 quid
1362 2846 1509 2910 olim
1552 2848 1677 2912 tale
1719 2847 2166 2932 concupivetis,

612 2944 697 3008 20
1023 2944 1247 3009 Jocose
1288 2944 1640 3023 Maecenas,
1682 2964 1919 3029 precor,

943 3042 1198 3107 Manum
1241 3039 1451 3127 puella
1493 3042 1667 3107 savio
1711 3047 1985 3126 opponat
2025 3048 2131 3107 tuo
2174 3049 2240 3107 et

1015 3141 1313 3206 Extrema
1356 3145 1424 3205 ut
1466 3140 1532 3204 in
1577 3139 1819 3224 sponda
1861 3140 2062 3203 cubet.

1533 3402 1642 3466 IV.

1423 3549 1511 3605 AD
1547 3548 1794 3606 ΜΕΝΑΜ.

948 3631 1173 3749 Lupis
1215 3673 1278 3730 et
1319 3663 1505 3746 agnis
1548 3670 1780 3744 quanta
1823 3666 2081 3729 sortium
2126 3667 2370 3750 obtigit,

1033 3765 1270 3828 Tecum
1312 3761 1465 3825 mihi
1509 3760 1821 3827 discordia
1863 3769 1977 3842 est,
