2946 4583
1152 425 1306 490 LIB.
1354 427 1402 505 1,
1450 429 1544 489 12.
2193 431 2267 487 13

374 612 691 691 Interpres
734 625 1021 671 numeros
1064 613 1132 668 tu
1174 606 1412 680 melius,
1456 623 1639 685 quam
1705 612 1852 685 quot
1894 612 2088 683 erant,
2134 606 2352 687 putes?

377 707 500 770 Seu
542 706 751 788 plures
795 703 1029 767 hiemes
1069 723 1180 768 seu
1225 701 1438 765 tribuit
1473 702 1753 783 Juppiter
1797 700 2098 780 ultimam,
2314 708 2353 765 4

377 800 516 877 Qua
558 820 724 865 nunc
765 801 1066 882 oppositis
1107 797 1393 863 debilitat
1435 799 1785 880 pumicibus
1828 818 1999 864 mare

378 899 654 976 Toi·tum‚
686 897 821 979 jam
865 897 1008 960 hinc
1049 897 1280 977 sapiae,
1322 916 1444 960 non
1468 895 1823 976 aliquand0‚
1858 904 1921 960 et
1950 897 2151 978 spatio
2179 895 2355 959 brevi

379 995 567 1076 Spem
611 995 864 1075 longam
904 1011 1164 1057 reseces,
1210 995 1376 1058 Dum
1418 994 1743 1074 loquimur,
1784 992 2018 1074 fugerit
2058 992 2274 1056 invida

380 1090 474 1154 Ne
495 1096 695 1166 aetas,
719 1109 905 1172 carpe
925 1089 1112 1168 diem,
1155 1107 1341 1169 quam
1367 1091 1688 1153 minimum
1714 1080 1964 1155 credula
1987 1095 2251 1173 postero.
2318 1094 2356 1152 8

1293 1382 1439 1446 XII.

688 1561 752 1616 IN
791 1560 1266 1618 CELEBRANDAM
1299 1562 1567 1620 JUVENIS
1606 1561 1933 1620 MARCELLI
1966 1562 2052 1619 AB

990 1642 1282 1700 AUGUSTO
1317 1643 1743 1702 ADOPTIONEM.
1785 1670 1790 1673 Α

580 1777 702 1828 Post
748 1773 1082 1836 magnifieum
1137 1777 1410 1827 exordium
1469 1784 1524 1828 et
1575 1778 1717 1839 pium
1771 1779 1839 1828 ad
1890 1780 2069 1840 priora
2122 1786 2359 1841 tempora

384 1859 617 1910 Romana
650 1865 950 1918 respectum
986 1869 1111 1908 cura
1145 1858 1238 1908 illa
1291 1858 1355 1908 de
1393 1860 1736 1911 successione
1787 1861 1943 1928 regni
1993 1865 2046 1912 et
2080 1861 2147 1912 de
2182 1862 2361 1912 futura

383 1937 592 1998 imperii
629 1939 1072 2000 immanissime,
1132 1949 1289 1998 quam
1343 1941 1610 1999 Augustus
1663 1941 1715 1991 in
1769 1942 2013 1994 Marcello
2062 1941 2362 2002 adoptando

383 2028 597 2072 secutus
636 2024 768 2080 erat,
805 2019 919 2070 Jovi
954 2017 1234 2069 immortali
1275 2019 1691 2071 commendatur.

583 2161 825 2295 Quem
867 2196 1072 2267 virum
1114 2202 1222 2260 aut
1265 2195 1457 2261 heroa
1500 2197 1642 2279 lyra
1682 2197 1786 2262 vel
1827 2200 1959 2265 acri

581 2298 769 2364 Tibia
810 2295 1003 2360 sumis
1045 2291 1378 2373 celebrare,
1421 2294 1601 2359 Clio‘?

582 2396 781 2472 Quem
825 2390 1050 2457 deum?
1094 2390 1352 2465 Quassis
1392 2391 1632 2456 recinet
1672 2410 1906 2474 sequax
1950 2394 2116 2476 quod

672 2493 945 2557 Carmen
986 2488 1197 2570 imago
2326 2493 2365 2550 4

585 2673 743 2737 Late
782 2670 849 2733 in
890 2667 1316 2748 umbrosisque
1357 2664 1674 2734 Heliconis
1715 2669 1840 2734 oris

585 2769 669 2834 Et
709 2783 898 2848 super
938 2762 1139 2829 Pindo
1181 2763 1517 2845 gelidoque
1557 2764 1623 2828 in
1666 2765 1937 2846 Haem0,

592 2868 736 2934 Jam
779 2860 928 2927 inde
967 2858 1188 2940 vocali,
1231 2867 1298 2926 ut
1339 2868 1595 2927 tenuere
1624 2859 1815 2945 juges

667 2962 924 3054 Orpuea
963 2957 1189 3039 saltus,
2329 2962 2368 3021 8

586 3144 740 3210 Arte
781 3147 1063 3206 materna
1103 3137 1359 3221 rapidos
1401 3145 1747 3203 morantem

589 3237 943 3302 Fluminum
984 3235 1197 3317 lapsus
1239 3234 1599 3315 celeresque
1641 3240 1880 3312 ventos,

593 3331 900 3398 Blandum
941 3338 1005 3396 et
1045 3330 1280 3395 auritas
1321 3332 1549 3396 fidibus
1592 3331 1837 3396 canoris

672 3430 917 3494 Ducere
957 3426 1259 3510 quercus?
2292 3430 2371 3489 12

594 3607 757 3685 Quid
800 3607 972 3691 prius
1014 3607 1240 3686 dicam,
1282 3627 1365 3672 an
1407 3607 1628 3672 sileam
1670 3606 1769 3670 his
1810 3623 2143 3689 perennem

590 3705 929 3787 Laudibus,
971 3706 1077 3788 qui
1117 3724 1219 3771 res
1261 3704 1576 3772 hominum
1621 3721 1697 3769 ac
1738 3702 2014 3784 deorum,
