2946 4583
1166 451 1322 517 LIB.
1366 454 1415 532 Ι,
1459 457 1558 518 35.

629 628 892 708 Mutare,
936 631 1042 710 qui
1084 632 1396 713 insignem
1440 641 1642 698 artem
1682 633 1773 699 ita
1814 634 2142 719 degravat,

628 723 908 790 Obscura
948 746 1257 809 promens,
1297 750 1523 812 regum
1566 731 1808 814 apicem
1849 739 1920 798 ut
1961 737 2127 818 rapit

708 823 974 886 Curtans
1020 832 1082 887 et
1125 825 1270 891 hine
1311 828 1578 893 stridore
1617 846 1758 893 cum
1801 830 2001 896 aurae*

792 919 1075 999 Sustulit,
1120 922 1222 988 hic
1263 924 1546 1006 posuisse
1586 926 1838 1006 gaudet.

1232 1269 1501 1334 XXXV.

1126 1413 1211 1468 AI)
1249 1414 1612 1473 FORTUNAM.

675 1521 772 1630 O
809 1560 977 1640 diva,
1019 1567 1268 1642 gratum
1312 1580 1473 1642 quae
1513 1564 1685 1644 regis
1726 1565 2006 1643 Antium,

672 1658 983 1723 Praesens
1024 1657 1125 1721 vel
1168 1659 1296 1722 ima
1337 1660 1655 1738 extollere,
1698 1680 1819 1742 quo
1861 1661 2054 1726 decus

756 1754 1019 1820 Mortale
1062 1756 1281 1838 surgit,
1329 1758 1431 1820 vel
1476 1756 1776 1840 superbos

835 1852 1097 1916 Vertere
1137 1849 1462 1917 funeribus
1506 1853 1876 1936 triumphos!

674 2034 770 2097 Te
813 2049 1050 2114 pauper
1093 2032 1288 2096 ambit
1330 2033 1596 2098 sollicita
1639 2051 1827 2116 prece

674 2129 867 2194 Suam
908 2130 1180 2208 colonus,
1222 2137 1286 2192 te
1329 2130 1645 2195 dominam
1689 2131 1996 2212 aequoris,
2074 2177 2080 2182 -

754 2224 1142 2306 Quicumque
1184 2225 1462 2307 Bithyna
1504 2227 1756 2290 lacessit

838 2324 1246 2407 Carpathium
1289 2323 1554 2406 pelagus
1597 2325 1830 2388 carina.

671 2507 766 2570 Te
807 2507 1018 2570 Dacus
1059 2524 1263 2588 asper,
1305 2510 1369 2569 te
1412 2504 1665 2586 profugi
1707 2504 1984 2586 Scythae

670 2604 922 2667 Turbae
964 2609 1027 2667 et
1068 2604 1333 2684 quietae,
1375 2608 1438 2666 te
1481 2601 1730 2666 Latium
1773 2602 1950 2665 ferox

754 2702 1123 2781 Regumque
1165 2718 1349 2780 reges
1392 2699 1796 2763 barbarorum

833 2799 959 2863 Pro
1002 2798 1213 2881 pueris
1255 2802 1537 2860 metuunt
1578 2813 1912 2879 perennes,

672 2978 973 3059 Injurioso
1016 2979 1067 3041 si
1113 2977 1276 3060 pede
1316 2996 1579 3060 proruas

672 3074 955 3141 Stantem
999 3075 1366 3150 columnam,
1408 3091 1491 3136 ne
1534 3072 1795 3154 populos
1837 3072 2051 3155 fragor

754 3170 856 3235 Ad
898 3190 1075 3235 arma
1116 3174 1450 3246 cessantes,
1494 3168 1577 3231 ad
1619 3188 1796 3232 arma

835 3266 1119 3332 Concitet
1160 3261 1608 3347 imperiumque
1649 3263 1958 3330 fraudent.

670 3449 765 3513 Te
806 3450 1191 3529 temperante
1233 3446 1282 3509 it
1322 3464 1464 3510 sera
1506 3445 1882 3523 Necessitas,

670 3544 901 3609 Glavos
944 3545 1217 3609 trabales
1260 3549 1322 3606 et
1362 3560 1592 3607 cuneos
1635 3561 1825 3606 manu

753 3641 1025 3705 Gestans
1069 3648 1247 3719 aena,
1289 3659 1407 3705 nec
1448 3655 1708 3704 severus

837 3738 1049 3803 Uncus
1090 3739 1269 3805 abest
1310 3729 1732 3818 liquidumque
1775 3730 2114 3817 plumbum.
2161 3757 2167 3764 ·
2216 3759 2219 3762 *

2210 463 2291 524 35

2292 928 2372 994 16

2290 2799 2370 2861 12

2292 3269 2368 3328 16
