2946 4583
729 414 847 476 128
1400 413 1558 479 Lm.
1603 412 1717 495 lv,
1759 418 1856 480 15.

969 594 1065 659 Te
1105 593 1299 660 caede
1338 595 1687 677 gaudentes
1731 596 2049 678 Sigambri

642 694 722 755 52
1052 694 1425 778 Compositis
1469 700 1843 758 venerantur
1885 694 2094 760 armis.

1560 1104 1700 1171 XV.

1330 1286 1609 1344 Anuns‘n
1643 1285 1931 1378 munna

888 1398 1103 1518 Fugit
1146 1432 1455 1500 volentem
1500 1432 1738 1516 proelia
1779 1453 1881 1498 me
1921 1433 2085 1516 loqui

885 1536 1100 1602 Victas
1143 1541 1206 1599 et
1248 1534 1434 1599 urbes
1479 1550 1557 1595 en
1602 1530 1923 1614 trepidans
1964 1533 2126 1616 lyra,

967 1635 1065 1700 Ne
1105 1652 1306 1717 parva
1348 1629 1752 1713 Tyrrhenum
1799 1650 1908 1713 per
1951 1650 2180 1713 aequor

640 1737 679 1796 4
1050 1731 1210 1797 Vela
1250 1729 1486 1795 darem.
1571 1729 1657 1793 At
1697 1734 1836 1794 sata
1876 1729 2154 1796 Caesare
2196 1736 2370 1798 aetas

890 1947 1143 2029 Fruges
1187 1949 1250 2009 et
1291 1942 1465 2024 agris
1508 1944 1745 2008 rettulit
1785 1943 2008 2009 uberes

888 2046 971 2110 Et
1011 2044 1198 2125 signa
1240 2047 1453 2106 nostro
1496 2043 1769 2107 restituit
1809 2043 1956 2108 Jovi

968 2141 1247 2224 Derepta
1287 2134 1681 2204 Parthorum
1705 2141 1990 2224 superbis

636 2240 677 2301 8
1047 2238 1340 2305 Postibus
1383 2248 1446 2304 et
1491 2248 1765 2305 veterem
1810 2236 2036 2328 duellis

891 2453 1124 2519 Janum
1167 2452 1409 2531 Quirini
1456 2452 1680 2518 clausit
1722 2459 1786 2519 et
1825 2452 2105 2519 ordinem

885 2552 1148 2616 Rectum
1192 2550 1499 2636 evaganti
1541 2547 1723 2615 frena
1764 2550 2055 2616 licentiae

965 2649 1240 2730 Subiecit
1282 2649 1635 2730 emovitque
1677 2647 1894 2731 culpas

635 2750 715 2813 12
791 2780 801 2788 ·
1044 2748 1128 2812 Et
1168 2752 1433 2829 vegetas
1476 2746 1797 2825 revocavit
1837 2751 2026 2827 artes,

882 2959 1005 3025 Per
1047 2979 1202 3042 quas
1244 2959 1543 3035 Latinum
1585 2979 1812 3026 nomen
1854 2969 1917 3026 et
1955 2959 2155 3026 Italae

878 3057 1151 3125 Crevere
1191 3060 1381 3138 vires,
1426 3057 1718 3141 famaque
1760 3064 1824 3123 et
1862 3059 2086 3143 imperi

959 3156 1255 3221 Porrecta
1296 3157 1593 3251 majestas
1635 3157 1719 3223 ad
1762 3163 1965 3223 ortum

632 3255 713 3316 16
932 3291 937 3295 ψ
1040 3253 1205 3319 Solis
1245 3254 1328 3319 ab
1368 3255 1679 3339 Hesperio
1721 3255 1929 3320 cubili.

875 3466 1150 3534 Custode
1191 3488 1397 3534 rerum
1439 3469 1712 3534 Caesare
1755 3487 1881 3531 non
1914 3464 2089 3531 furor

874 3563 1095 3630 Civilis
1137 3572 1248 3631 aut
1287 3566 1385 3631 vis
1428 3565 1698 3632 excubat
1740 3564 2037 3646 hostium,

955 3661 1136 3729 Novo
1178 3664 1329 3746 igne
1372 3682 1533 3746 quae
1572 3661 1875 3747 procudat
1916 3680 2100 3728 enses

628 3758 712 3821 20
1041 3760 1125 3826 Et
1165 3761 1427 3828 miseras
1467 3761 1742 3829 inimicet
1781 3760 1985 3828 urbes.
