2946 4583
608 650 687 712 52

607 1124 690 1185 56

610 1596 693 1657 60

611 2071 694 2133 64

614 2542 696 2603 68

619 3016 700 3080 72

622 3489 702 3550 76

694 373 807 435 114

1401 366 1560 435 LIB.
1603 366 1712 443 IV,
1754 370 1815 430 4.

931 549 1256 614 Sectamur
1296 546 1481 626 ultro,
1524 567 1678 628 quos
1720 548 1964 631 opimus

1016 643 1259 708 Fallere
1302 651 1364 709 et
1406 646 1684 729 effugere
1729 652 1823 710 est
1864 644 2241 727 triumphus»

853 826 1046 904 Gens,
1090 846 1248 908 quac
1290 834 1566 890 cremato
1610 826 1786 891 fortis
1831 827 1910 890 ab
1954 826 2075 889 Ilio

849 926 1092 988 ¹lactata
1137 924 1290 987 tusis
1333 924 1705 1004 aequoribus
1749 944 1928 987 sacra

932 1021 1248 1103 Natosque
1290 1026 1688 1102 maturosque
1732 1030 1949 1104 patres

1015 1119 1274 1186 Pertulit
1315 1119 1629 1183 Ausonias
1668 1120 1751 1184 ad
1796 1121 2007 1198 urbeS,
2042 1144 2046 1147 ⁴

854 1299 1044 1365 Duris
1086 1305 1155 1364 ut
1195 1299 1321 1364 ilex
1364 1307 1545 1364 tonsa
1587 1299 1961 1384 bipennibus

854 1399 1096 1480 Nigrae
1135 1396 1326 1461 feraci
1370 1395 1612 1461 frondis
1654 1399 1720 1462 in
1764 1399 2021 1479 Algido,

938 1497 1058 1562 Per
1101 1495 1353 1573 damna,
1392 1512 1504 1578 per
1549 1496 1773 1560 caedes
1818 1497 1897 1559 ab
1943 1498 2087 1578 ipso

1021 1592 1206 1657 Ducit
1247 1610 1398 1674 opes
1441 1592 1842 1674 animumque
1886 1591 2079 1657 ferro.

859 1774 999 1839 Non
1044 1772 1253 1857 hydra
1296 1780 1464 1837 secto
1507 1793 1764 1857 corpore
1803 1773 2037 1838 firmior

856 1871 1039 1936 Vinci
1082 1871 1392 1936 dolentem
1436 1872 1630 1935 crevit
1671 1872 1732 1935 in
1780 1872 2143 1951 Herculem,

936 1968 1362 2033 Monstrumve
1403 1970 1773 2034 summisere
1816 1969 2032 2034 Colchi

1020 2064 1223 2148 Majus
1266 2065 1686 2131 Echioniaeve
1729 2066 2005 2131 Thebae.

858 2248 1067 2313 Mersa
1109 2265 1146 2313 e
1186 2244 1496 2329 profundo
1539 2245 1852 2332 pulchrior
1896 2267 1966 2313 os
2009 2247 2214 2326 levat;

859 2345 1105 2410 Luxata
1147 2342 1341 2407 multa
1383 2351 1635 2425 proruet
1675 2345 1989 2426 integrum

943 2441 1099 2507 Cum
1140 2439 1328 2504 laude
1371 2442 1667 2506 victorem
1711 2450 2011 2524 geretque

1022 2536 1268 2602 Proelia
1311 2538 1692 2604 carminibus
1733 2540 2064 2623 loquenda.

862 2716 1313 2801 Carthaginem
1357 2740 1482 2784 non
1527 2720 1674 2786 hinc
1716 2741 1840 2805 ego
1880 2724 2137 2788 nuntios

861 2816 1107 2882 Mittam
1150 2819 1477 2903 superbos3
1519 2819 1771 2899 occidit,
1814 2820 2039 2885 occidit

945 2913 1105 2999 Spes
1147 2916 1347 2979 omnis
1388 2922 1451 2981 et
1492 2914 1741 2980 fortuna
1781 2918 1977 2981 nostri

1028 3012 1312 3079 Nominis
1353 3012 1750 3080 Hasdrubale
1791 3015 2184 3098 interempto,

865 3195 972 3260 Nil
1013 3194 1317 3262 Claudiae
1357 3216 1491 3263 non*
1526 3186 1859 3280 perficient
1890 3212 2135 3276 manus,
2270 3278 2274 3283 ι

866 3291 1107 3369 Quibus
1147 3293 1422 3377 benigno
1464 3298 1528 3360 et
1567 3294 1822 3364 numine
1863 3294 2154 3378 „luppiter

949 3390 1266 3457 Secundat
1305 3400 1368 3456 et
1408 3409 1594 3456 curae
1635 3392 1885 3472 sagacis

1032 3488 1393 3575 Expediunt
1434 3486 1612 3554 ducis
1651 3494 1790 3556 arta
1831 3491 2027 3558 belli.”
