2946 4583
1152 400 1309 465 LIB.
1351 403 1403 482 1,
1447 406 1544 467 16.
1751 441 1753 443 ·
2194 414 2274 475 19

572 573 722 638 Post
763 580 965 641 certas
1006 576 1241 645 hiemes
1283 587 1422 648 uret
1460 582 1772 654 Achaicus

695 670 873 753 Ignis
913 673 1084 740 mille
1124 675 1333 742 alacer
1376 677 1644 745 domos.‘’
2273 690 2353 750 36

1274 1051 1446 1116 XVI.

1132 1196 1220 1252 AD
1256 1195 1589 1253 PYRRHAM.

953 1328 1255 1381 Recentatio
1291 1328 1541 1381 carminis
1577 1330 1762 1392 quinti.

670 1463 768 1573 Ο
805 1510 1004 1569 matre
1045 1504 1306 1588 pulchra
1345 1503 1477 1568 filia
1517 1504 1851 1588 pulchrior,

668 1590 806 1677 Quo
848 1600 1213 1666 criminosos
1255 1620 1519 1683 cumque
1561 1601 1735 1666 voles
1776 1604 1961 1670 modo

749 1697 1015 1767 Punisse
1057 1697 1319 1777 iambOS,
1361 1698 1497 1763 sive
1537 1697 1794 1766 flamma

834 1793 984 1859 Sive
1025 1793 1213 1874 mala,
1254 1796 1418 1875 licet,
1459 1795 1741 1864 Hadriae
1780 1799 1967 1865 unda.

668 1973 809 2038 Non
852 1972 1274 2055 Dindymene,
1313 1994 1438 2039 non
1484 1977 1590 2057 qui
1632 1977 1847 2060 adytis
1887 1980 2086 2061 quatit

670 2071 947 2136 Mentem
986 2069 1381 2135 sacerdotum
1419 2090 1507 2136 ex
1547 2080 1687 2139 cute
1727 2074 2016 2156 Pythiae,

751 2168 893 2233 Non
936 2166 1123 2230 Liber
1166 2186 1383 2248 aeque,
1424 2187 1552 2233 non
1593 2187 1775 2237 sacra
1815 2190 1965 2239 acra

836 2264 907 2331 Si
948 2263 1231 2347 geminat
1271 2261 1662 2344 furibundus,
1703 2265 1892 2334 audet
2317 2275 2358 2347 8

672 2444 978 2522 Torsisse,
1019 2449 1088 2510 ut
1127 2443 1289 2522 Irae,
1329 2462 1488 2525 quas
1529 2463 1732 2527 neque
1773 2446 2038 2518 Noricus

672 2543 962 2607 Deterret
1003 2540 1170 2606 ensis
1211 2559 1330 2608 nee
1369 2560 1548 2612 mare
1589 2540 1969 2625 naufragum
2058 2565 2063 2572 ¹

754 2638 889 2703 Nec
929 2654 1155 2701 saevus
1196 2636 1366 2718 ignis
1405 2655 1525 2708 nec
1563 2639 1891 2709 tremendo

838 2734 878 2799 J
882 2733 1125 2817 uppiter
1166 2733 1304 2815 ipse
1344 2752 1534 2799 ruens
1575 2735 1862 2804 tumultu.
2277 2740 2358 2801 12

677 2916 899 2981 Fertur
941 2912 1369 2992 Prometheus,
1410 2912 1582 2980 haud
1623 2913 1778 2982 dare
1816 2916 2081 3000 principi

677 3013 920 3077 Limam
964 3016 1149 3094 aptus
1192 3028 1369 3088 aevo,
1410 3011 1786 3092 particulam
1829 3013 2102 3096 undique

758 3111 1074 3192 Decerpse
1116 3116 1179 3173 et
1221 3107 1426 3171 insani
1465 3105 1667 3173 leonis

844 3206 991 3269 Vim
1035 3204 1354 3270 stomacho
1396 3203 1765 3286 apposuisse
1795 3210 2026 3270 nostro.
2280 3210 2363 3271 16

680 3382 822 3447 Irae
861 3380 1185 3462 Thyesten
1230 3380 1421 3448 exitio
1462 3378 1648 3462 gravi

681 3476 979 3543 stravere
1019 3482 1081 3541 et
1122 3474 1269 3541 altis
1309 3476 1567 3542 urbibus
1606 3475 1865 3541 ultimae

766 3572 1007 3637 Stetere
1048 3590 1295 3653 causae,
1336 3592 1444 3637 cur
1487 3572 1762 3657 perirent

845 3668 1154 3735 Funditus
1197 3670 1678 3752 intremeretque
1719 3667 1911 3736 muris
2283 3668 2366 3727 20
