2946 4583
1174 444 1332 509 ΠΒ.
1379 446 1454 526 v,
1497 445 1586 513 13.
2171 463 2291 525 145

552 616 632 683 Vi
675 618 940 686 Charam
984 628 1079 689 ter
1121 633 1302 692 nocte
1352 630 1533 712 petie,
1579 632 1730 696 mihi
1774 653 2019 720 semper
2059 639 2143 705 ad
2184 660 2375 709 unum

633 716 837 783 Mollis
878 740 1052 803 opus.
1142 724 1366 789 Pereat
1406 727 1588 807 male,
1633 750 1793 812 quae
1835 740 1897 799 te
2293 745 2374 806 16

549 814 780 881 Lesbia
821 821 1140 898 quaerenti
1181 828 1429 889 ,taurum
1475 830 1842 895 monstravit
1884 832 2177 917 inertem,

632 911 834 988 Quum
879 916 1029 981 mihi
1073 918 1236 983 Cous
1278 920 1529 987 adesset
1569 924 1907 1009 Amyntas,

545 1010 741 1092 Cujus
782 1013 848 1076 in
890 1014 1189 1080 indomito
1232 1022 1615 1085 constantior
1656 1024 1918 1106 ingvine
1956 1050 2189 1099 nervus
2437 1103 2440 1104 γ

632 1106 832 1183 Quam
877 1132 992 1176 sua
1034 1114 1289 1178 collibus
1326 1118 1517 1180 arbor
1559 1118 1861 1188 inhaeret.
2293 1135 2375 1198 20

548 1206 888 1272 Muricibus
931 1210 1144 1290 Tyriis
1187 1214 1448 1280 iteratae
1491 1217 1725 1283 vellera
1763 1218 1953 1288 lanae

632 1304 749 1369 Cui
788 1307 1328 1388 properabantur?
1373 1313 1514 1377 Tibi
1562 1334 1804 1400 nempe,
2267 1399 2276 1404 „

546 1400 643 1465 Ne
686 1402 843 1467 foret
884 1404 1176 1485 aequales
1218 1407 1380 1473 inter
1424 1412 1708 1493 conviva,
1752 1416 1955 1499 magis
1996 1439 2179 1501 quem

632 1499 938 1583 Diligeret
981 1503 1203 1567 mulier
1247 1523 1360 1571 sua
1403 1525 1588 1588 quam
1632 1515 1694 1575 te
1737 1512 1908 1579 haec.
2290 1524 2370 1586 24

544 1593 605 1659 O
649 1614 769 1679 ego
811 1619 934 1663 non
976 1597 1148 1680 felix,
1191 1620 1377 1683 quam
1420 1610 1489 1668 tu
1529 1603 1719 1689 fugis,
1759 1618 1828 1675 ut
1868 1619 2059 1694 pavet
2091 1634 2273 1683 acres

629 1695 821 1777 Agna
861 1697 1040 1780 lupos
1083 1718 1466 1783 capreaeque
1506 1703 1778 1771 leonesl”

1289 1853 1454 1868 ’Ἤ

1287 2060 1462 2127 ΧΙΙΙ.

1009 2208 1098 2264 AI)
1135 2209 1415 2267 TRISTEM
1449 2211 1699 2270 AMICUM

1049 2312 1360 2374 (Munatium
1397 2313 1736 2381 Plancum?).

387 2383 696 2491 Horrida
739 2424 1076 2504 tempestas
1118 2424 1353 2488 coelum
1399 2429 1724 2506 contraxit,
1770 2435 1831 2493 et
1877 2424 2109 2496 imbres
2187 2422 2190 2423 ⁷

470 2520 781 2600 Nivesque
804 2520 1118 2584 deducunt
1141 2523 1176 2585 J
1183 2541 1388 2585 ovem:
1423 2543 1587 2586 nunc
1609 2545 1801 2603 mare,
1826 2546 1989 2592 nunc
2010 2531 2211 2595 solida

383 2618 675 2682 Threicio
718 2624 784 2680 ut
828 2619 1130 2699 Aquilone
1172 2621 1419 2685 sonant!
1465 2623 1825 2704 Rapiamus,
1870 2626 2053 2690 amici
2195 2642 2198 2645 ·

466 2713 646 2791 Quod
690 2735 918 2797 quassa
959 2724 1022 2780 et
1065 2725 1202 2781 arta
1245 2717 1351 2781 det
1393 2719 1549 2799 dies,
1572 2719 1841 2802 dumque
1861 2722 2105 2789 virente
2126 2744 2293 2808 gena
2334 2728 2374 2789 4

384 2813 662 2879 Dedecet
705 2813 973 2878 obducta
1017 2812 1295 2878 solvatur
1336 2815 1545 2881 fronte
1588 2826 1891 2885 senectus.

466 2914 567 2976 Tu
610 2913 759 2976 vina
802 2914 1116 2993 Torquato
1159 2933 1342 2978 move
1384 2917 1637 2981 consule
1679 2938 1897 3000 pressa
1939 2939 2094 2984 meo.

381 3011 610 3075 Cetera
654 3010 827 3073 mitte
867 3011 1059 3091 loqui:
1105 3010 1259 3075 deus
1304 3013 1457 3077 haec
1499 3013 1764 3080 fortasse
1805 3016 2085 3098 benigna

466 3108 744 3172 Reducet
786 3110 848 3172 in
894 3109 1107 3173 sedem
1151 3109 1306 3173 vice.
1394 3112 1577 3176 Nunc
1618 3119 1681 3176 et
1723 3113 2145 3179 Achaemenio
2330 3119 2371 3179 8

384 3205 682 3270 Perfundi
727 3208 924 3270 nardo
959 3207 1139 3288 juvet
1180 3211 1242 3268 et
1285 3205 1408 3270 fide
1450 3208 1755 3291 Cyllenea

466 3303 708 3368 Levare
750 3304 906 3367 diris
949 3310 1199 3387 pectora
1242 3301 1787 3386 sollicitudinibus;

382 3399 623 3467 Nobilis
665 3400 966 3465 indomito
1009 3407 1076 3464 ut
1118 3401 1339 3465 cecinit
1381 3403 1730 3468 Centaurus
1773 3406 2051 3469 alumno:

467 3498 726 3562 ”Sortite
768 3499 1088 3561 mortalem
1131 3507 1372 3580 patrem
1416 3508 1562 3565 nate
1604 3502 1724 3565 dea
1766 3502 2061 3567 Thetide!
2296 3505 2371 3566 12

381 3596 477 3661 Te
518 3601 729 3659 manet
771 3596 1063 3660 Assaraci
1106 3596 1308 3676 tellus,
1353 3618 1538 3679 quam
1581 3597 1814 3681 frigida
1857 3601 2116 3680 grandis

463 3691 743 3756 Findunt
785 3693 1154 3759 Scamandri
1194 3694 1452 3762 flumina
1494 3697 1767 3761 lubricus
1809 3704 1872 3762 et
1916 3698 2165 3786 Simois,

454 3808 705 3857 Horatius
743 3808 820 3862 ed.
860 3809 1176 3876 LJ‘unqherq.
2032 3814 2100 3866 10
