2946 4583
567 880 651 942 20

558 1379 641 1442 24

554 1881 637 1943 28

547 2387 629 2449 32

537 2893 619 2952 36

529 3395 612 3456 40

661 414 742 476 66

1362 415 1519 481 LIB.
1563 417 1676 497 III,
1720 421 1776 482 1.

818 589 1167 655 Destrictus
1208 592 1378 657 ensis
1419 595 1518 659 cui
1561 615 1748 681 super
1789 600 1981 665 anxia

819 685 1081 751 Cel-vice
1120 687 1371 769 pendet,
1411 711 1537 757 non
1581 694 1831 761 Siculae
1872 696 2072 781 dapes

897 783 1159 849 Dulcem
1203 785 1614 853 elaborabunt
1654 811 1939 876 saporem
1955 844 1971 875 ,

977 881 1119 947 Non
1160 882 1371 948 avium
1414 886 1813 971 citharaeque
1852 896 2076 956 cantus

789 1083 1143 1158 Somnum:
1186 1095 1387 1160 redux
1428 1103 1496 1162 at
1535 1117 1790 1164 somnus
1823 1103 2167 1183 agrestium

805 1187 1157 1271 Plenusque
1200 1212 1414 1257 rurum
1454 1214 1578 1259 non
1621 1195 1887 1261 humiles
1928 1198 2149 1264 domos

888 1286 1161 1352 Fastidit
1200 1289 1676 1373 umbrosamque
1715 1292 1937 1374 ripam,

973 1384 1113 1450 Non
1155 1385 1465 1469 Zephyris
1506 1389 1751 1470 agitata
1791 1390 2048 1473 Tempe.

804 1594 1306 1679 Desiderantem,
1348 1599 1516 1681 quod
1556 1600 1711 1667 satis
1752 1608 1867 1681 est,
1906 1622 2111 1687 neque

803 1691 1284 1758 Tumultuosum
1327 1696 1618 1762 sollicitat
1661 1718 1853 1778 mare,

885 1789 1019 1854 Nec
1058 1811 1285 1856 saevus
1325 1792 1577 1856 Arcturi
1622 1794 1901 1861 cadentis

962 1886 1239 1969 Impetus
1280 1893 1389 1952 aut
1428 1889 1689 1955 orientis
1730 1892 1957 1971 Haedi,

797 2097 940 2163 Non
982 2099 1353 2165 verberatae
1395 2102 1707 2183 grandine
1747 2104 1973 2171 vineae
2028 2171 2033 2174 ,

795 2194 1138 2259 Fundusve
1180 2196 1471 2274 mendax,
1516 2199 1756 2283 impare
1796 2222 1964 2269 nunc
2002 2225 2202 2289 aquas

878 2290 1187 2375 Culpante
1226 2313 1393 2359 nuuc
1433 2295 1721 2367 ardentia
1759 2319 1923 2383 agro

959 2390 1203 2472 Sidera,
1243 2411 1412 2457 nunc
1451 2394 1690 2461 hiemes
1729 2397 1994 2479 iniquas.

791 2601 930 2678 Qua
971 2600 1173 2668 fracta
1212 2605 1416 2687 pisces
1456 2625 1731 2690 aequora
1770 2612 2045 2678 sentiunt

788 2697 989 2765 Jactis
1030 2701 1096 2764 in
1138 2701 1334 2767 altum
1375 2704 1660 2787 molibus,
1703 2707 1825 2773 huo
1867 2710 2156 2795 frequens

867 2795 1212 2862 Caementa
1254 2805 1321 2863 ut
1362 2800 1620 2868 immisit
1659 2805 2013 2890 redemptor

947 2892 1108 2957 Cum
1149 2894 1420 2977 famulis,
1461 2898 1873 2987 dominusque
1913 2912 2122 2972 terrae

779 3105 1170 3173 Fastidiosus
1210 3109 1423 3177 sedem
1478 3119 1668 3195 amat,
1709 3134 1788 3180 en
1831 3117 2043 3183 Minae

780 3200 1100 3268 Scandunt
1139 3207 1379 3287 eodem,
1422 3227 1542 3292 quo
1580 3211 1890 3293 dominus,
1925 3234 2126 3299 neque

859 3299 1124 3364 Decedit
1166 3320 1246 3365 ex
1287 3312 1430 3370 acta
1475 3308 1710 3373 triremi

938 3394 1089 3461 Post
1129 3416 1291 3478 quae
1331 3401 1601 3482 equitem
1641 3405 1820 3470 sedet
1859 3413 2000 3474 atra
2039 3410 2223 3476 Oura.

772 3586 1007 3663 Quodsi
1052 3591 1427 3659 incolentum
1469 3616 1586 3662 nec
1624 3599 1950 3684 Phrygius
1992 3605 2152 3689 lapis

767 3686 827 3751 N
829 3704 901 3751 ec
941 3703 1218 3770 purpura
1255 3709 1410 3756 auro
1450 3700 1514 3759 et
1556 3695 1763 3763 sidere
1806 3699 2033 3767 clarior
