2946 4583
1159 436 1316 501 Lm.
1358 436 1473 515 111,
1513 440 1573 525 3,

623 620 765 684 Hac
808 623 944 682 arte
982 616 1226 696 Pollux,
1269 616 1390 681 hac
1428 636 1636 700 vagus
1674 615 1979 683 Hercules

620 718 701 783 Vi
742 715 894 780 fisus
933 731 1109 778 arces
1149 713 1362 796 attigit
1403 714 1646 796 igneas,

704 811 874 890 Quos
916 812 1097 891 inter,
1138 810 1443 893 Auguste,
1485 810 1606 876 hoc
1644 809 2011 876 recumbens

783 913 1095 994 Perpetuo
1137 908 1283 974 bibe
1313 907 1459 991 jure
1502 907 1741 973 nectar!

621 1129 759 1192 Hac
801 1132 865 1191 te
906 1130 1263 1202 merentem,
1306 1122 1554 1188 Bacche
1595 1128 1797 1206 pater,
1836 1120 1962 1186 fide

619 1225 864 1290 Vexere
900 1224 1097 1305 tigres
1140 1220 1392 1285 indocili
1423 1219 1652 1302 jugum

704 1320 879 1386 Collo
920 1318 1270 1394 trahentes3
1314 1317 1433 1381 hac
1473 1313 1768 1392 Quirinus

785 1416 1006 1483 Martis
1048 1414 1223 1496 equis
1264 1413 1622 1478 Acheronta
1662 1412 1852 1495 fugit,

622 1634 853 1698 Ratum
897 1630 1141 1696 elocuta
1184 1629 1505 1693 consilium
1550 1626 1838 1691 omnibus

625 1732 874 1796 Junone
916 1728 1107 1793 divis:
1154 1726 1375 1791 ”Iliaca
1415 1733 1556 1790 acta
1596 1722 1733 1788 lux!

703 1827 944 1893 Fatalis
984 1826 1379 1906 incestusque
1416 1822 1608 1901 iudex

786 1926 869 1990 Et
913 1921 1131 1988 mulier
1173 1920 1510 2003 peregrina
1539 1920 1737 1986 ,vertit

519 2215 523 2219 ,
624 2142 697 2205 In
740 2139 1059 2221 pulverem
1101 2154 1330 2215 arcem,
1374 2134 1615 2200 sorduit
1655 2142 1725 2198 nt
1765 2134 1903 2200 deis

643 2235 933 2303 Mercede
974 2235 1201 2301 abacta
1242 2230 1624 2312 Laomedon,
1666 2230 1819 2297 mihi

707 2335 1056 2415 Castaeque
1096 2332 1457 2397 damnatam
1500 2329 1822 2394 Minervae

790 2433 946 2499 Cum
977 2431 1208 2516 populo
1250 2434 1313 2494 et
1354 2427 1514 2491 duce
1553 2423 1836 2492 fraudem
1878 2427 2102 2495 alente.

629 2648 774 2713 Jam
819 2664 936 2711 nec
976 2645 1309 2710 Lacaenae
1349 2640 1640 2725 splendet
1680 2640 2003 2712 adulterae

630 2744 936 2809 Famosus
979 2745 1226 2827 hospes,
1266 2760 1383 2805 nec
1422 2738 1655 2807 Priami
1698 2740 1918 2804 domus

712 2841 973 2924 Perjura
1017 2859 1336 2924 pugnaces
1377 2839 1653 2910 Achivos

796 2939 1117 3004 Hectoreis
1160 2937 1381 3020 opibus
1422 2939 1739 3024 refringit,
1823 2928 1828 2931 Α

632 3153 690 3218 N
694 3154 1000 3234 ostrisque
1040 3153 1294 3217 ductum
1339 3153 1748 3217 seditionibus

633 3246 872 3313 Bellum
915 3247 1163 3313 resedit.
1247 3248 1540 3313 Protinus
1582 3256 1644 3315 et
1688 3267 1917 3331 graves

717 3345 852 3411 Iras
894 3353 957 3409 et
998 3344 1238 3409 enisum
1281 3351 1589 3428 nepotem,

799 3443 1026 3506 Troica
1065 3460 1249 3523 quem
1290 3444 1537 3527 peperit
1575 3445 1887 3523 sacerdos,

636 3638 826 3704 Marti
867 3637 1211 3717 redonab03
1253 3640 1425 3706 illum
1468 3659 1591 3723 ego
1633 3639 1871 3710 lucidas

636 3737 807 3802 Inire
848 3735 1031 3801 sedes
1072 3735 1359 3819 duxeque
1400 3737 1674 3804 nectaris

2281 909 2361 969 12

2283 1417 2363 1478 16

2279 2431 2364 2497 24

2284 2935 2366 2995 28

2288 3446 2369 3507 32
