2946 4583
669 450 745 509 ιο
1421 455 1576 522 Lm.
1621 459 1670 537 1,
1713 465 1768 522 s.

775 627 878 692 Nil
923 626 1378 711 desperandum
1423 635 1665 700 Teucro
1708 636 1865 703 duee
1907 646 1970 704 et
2011 644 2263 726 auspice
2305 655 2499 726 sorte3

578 722 657 780 28
858 723 1081 788 Certus
1122 727 1285 790 enim
1328 733 1610 811 promisit
1650 734 1873 817 Apollo

770 817 915 881 Jam
958 820 1319 902 ambiguam
1353 825 1596 907 fulgore
1629 848 1828 895 novae
1851 833 2169 899 Salamina
2202 838 2333 901 sore
2373 842 2551 906 areis.

849 913 904 978 Ο
949 914 1139 980 fortes
1182 920 1514 1002 pejoraque
1557 927 1726 1005 passi

769 1009 1008 1075 Mecum
1054 1033 1241 1097 saepe
1282 1018 1420 1094 viri,
1465 1038 1630 1083 nune
1671 1023 1818 1087 vino
1861 1025 2072 1105 pellite
2115 1048 2323 1108 ouras3

570 1106 649 1164 32
851 1106 1005 1171 Cras
1048 1109 1231 1190 signa
1276 1112 1433 1176 inter
1477 1116 1784 1183 abibimus
1829 1124 2080 1202 aequa.’²

1482 1474 1649 1538 VIII.

1318 1616 1405 1670 AD
1440 1615 1719 1688 ΙιῩΒῙΑΜ,

561 1723 709 1785 cujus
747 1725 963 1776 nimium
996 1738 1229 1780 amorem
1269 1735 1321 1782 et
1355 1736 1749 1794 protervitatem
1785 1736 1839 1787 in
1877 1749 2037 1788 causa
2100 1753 2225 1794 esse
2261 1743 2541 1807 significat,

561 1815 654 1853 cur
707 1805 920 1864 Sybaris
973 1808 1185 1859 insolito
1244 1819 1399 1863 antea
1437 1825 1583 1866 more
1631 1829 1845 1879 campos
1898 1824 1952 1870 et
2000 1821 2297 1880 palaestras
2351 1824 2540 1886 fugere

559 1896 618 1934 ac
657 1885 824 1936 latero
861 1892 1095 1948 cogatur.

751 2043 1008 2161 Lydia,
1050 2081 1158 2146 dic
1195 2120 1270 2130 --
1315 2104 1425 2166 per
1467 2107 1683 2154 omnes

832 2178 926 2242 Te
968 2176 1119 2243 deos
1162 2199 1269 2245 oro
1296 2188 1392 2260 -‘-,
1437 2183 1713 2266 Sybarin
1757 2204 1868 2250 our
1911 2206 2213 2271 properas
2255 2187 2526 2253 amando

741 2274 1059 2340 Perdere?
1104 2277 1228 2342 Cur
1271 2280 1514 2361 apricos

546 2376 585 2433 4
801 2371 840 2435 J
845 2392 945 2436 am
967 2371 1133 2436 haud
1154 2374 1297 2436 terit
1314 2392 1588 2457 campos,
1607 2377 1823 2445 sitiens
1844 2381 2117 2463 pulveris
2135 2386 2322 2461 atque
2340 2379 2489 2444 solis
2501 2381 2532 2443 t>

746 2468 875 2532 Cur
910 2486 1130 2548 neque,
1175 2468 1354 2533 miles
1397 2470 1649 2552 ardens,

824 2564 1008 2640 Inter⁸
1036 2564 1327 2644 aequales
1371 2568 1656 2647 equitans
1698 2570 1942 2636 Gallica
1983 2570 2189 2635 adhue
2230 2571 2458 2653 lupatis

741 2660 1079 2741 Temperat
1120 2681 1233 2726 ora
1276 2662 1517 2728 frenis?

544 2761 583 2818 8
865 2756 989 2820 Cur
1026 2758 1202 2823 timet
1243 2758 1476 2825 flavum
1500 2763 1777 2828 Tiberim
1811 2765 2110 2843 tangere?
2143 2764 2268 2829 Cur
2297 2765 2527 2830 olivum

740 2852 1067 2934 Sangvine
1109 2856 1392 2938 viperino

822 2948 1081 3013 Cautius
1124 2951 1282 3013 vitat
1326 2970 1525 3032 neque
1557 2952 1692 3033 jam
1735 2953 1941 3018 lactea
1984 2956 2224 3038 plaudit
2265 2957 2456 3021 armis

739 3044 1025 3123 Brachia,
1068 3063 1257 3127 saepe
1300 3046 1504 3127 diseo,

546 3145 619 3204 12
821 3140 1027 3222 Saepe
1067 3149 1242 3207 trans
1283 3143 1467 3207 finem
1499 3144 1710 3226 jaculo
1753 3144 1976 3209 nobilis
2019 3146 2351 3229 expedito?

738 3234 901 3311 Quid
946 3236 1116 3315 latet,
1159 3245 1227 3301 ut
1268 3240 1550 3303 marinae

821 3331 1047 3394 Filium
1092 3331 1305 3396 dicunt
1348 3335 1638 3399 Thetidis
1682 3336 1796 3400 sub
1838 3337 2166 3407 lacrimosa
2210 3341 2442 3423 TrOJae

736 3426 1027 3492 Funera?
1070 3429 1234 3494 Num
1276 3430 1459 3495 virile

543 3528 620 3587 16
820 3525 914 3589 Ne
959 3525 1077 3589 nisi
1123 3525 1343 3590 occulti
1389 3527 1572 3592 liceat
1617 3534 1678 3592 te
1721 3549 1959 3612 rapere,
2004 3554 2040 3597 o
2083 3535 2415 3616 proterva?
