2946 4583
1138 433 1329 533 Lm.
1374 464 1450 543 v,
1494 467 1570 527 17
2170 474 2283 534 151

553 639 877 723 Caputque
919 642 1131 707 Marsa
1173 643 1442 709 dissilire
1484 645 1687 710 nenia.

552 737 717 813 Quid
759 739 1027 825 amplius
1071 740 1209 806 vis?
1253 742 1308 805 Ο
1352 762 1543 821 mare,
1587 764 1624 807 o
1667 749 1852 823 terra,
1893 745 2104 827 ardeo,

551 833 863 912 Quantum
907 858 1108 921 neque
1149 846 1285 904 atro
1328 839 1640 905 delibutus
1681 842 1983 908 Hercules

548 935 732 1001 Nessi
775 927 996 1002 cruore
1034 956 1151 1002 nec
1193 937 1484 1003 Sicanam
1528 938 1774 1004 fervida
2288 944 2369 1006 32

551 1033 812 1100 Movens
854 1035 955 1100 vel
996 1036 1264 1100 Aetnam
1303 1034 1574 1101 flamma.
1660 1038 1758 1101 Tu
1801 1036 1922 1117 dic,
1962 1056 2044 1102 ne
2080 1037 2237 1104 cinis

548 1131 870 1214 Injuriosis
912 1127 1126 1198 aridus
1170 1133 1374 1198 ventis
1415 1132 1609 1198 ferar:

552 1231 737 1296 Calix
779 1230 1041 1295 venenis
1083 1228 1277 1294 officit
1319 1232 1423 1311 qui
1465 1230 1811 1297 Colchicis?

548 1328 725 1405 Quae
764 1327 990 1394 fundat
1031 1327 1214 1408 hunc,
1255 1347 1443 1392 anum
1487 1337 1698 1396 manet
1738 1328 2133 1414 stipendium.
2288 1333 2369 1395 36

549 1428 781 1508 Effare,
823 1425 1027 1508 jussas
1069 1444 1209 1490 cum
1251 1426 1377 1491 fide
1417 1446 1652 1510 poenas
1693 1428 1881 1508 luam,

546 1527 814 1593 Paratus
858 1524 1132 1608 expiare,
1175 1542 1287 1588 seu
1329 1526 1686 1607 poposceris

548 1625 815 1690 Centum
846 1622 1171 1705 juvencos,
1212 1622 1348 1686 sive
1389 1622 1676 1689 mendaci
1716 1623 1858 1707 lyra

547 1723 733 1787 Malis
775 1721 1013 1799 sonari3
1057 1728 1185 1784 tum
1231 1719 1479 1804 pudica,
1524 1726 1656 1785 tum
1693 1722 1893 1806 proba
2287 1729 2369 1788 40

546 1818 1017 1885 Perambulabis
1056 1823 1227 1882 astra
1267 1816 1442 1881 sidus
1484 1836 1759 1882 aureum.

545 1916 807 1982 Infamis
847 1914 1127 1981 Helenae
1169 1914 1393 1980 Castor
1434 1915 1706 1981 offensus
1746 1916 1947 1982 vicem

546 2014 889 2096 Fraterque
930 2013 1146 2095 magni
1188 2013 1483 2092 Castoris,
1523 2012 1674 2079 victi
1706 2031 1911 2097 prece,

544 2111 858 2194 Adempta
898 2111 1028 2176 vati
1070 2110 1399 2175 reddidere
1436 2111 1701 2178 luminat
2287 2116 2368 2175 44

545 2211 631 2274 Et
669 2215 738 2273 tu
764 2245 844 2255 —-
865 2214 1044 2291 potes
1086 2228 1234 2272 nam
1256 2243 1334 2254 --
1357 2208 1532 2272 solve
1566 2226 1668 2272 me
1709 2207 2042 2287 dementia,

548 2305 603 2371 Ο
646 2325 763 2371 nec
802 2306 1081 2390 paternis
1126 2305 1404 2371 obsoleta
1444 2305 1732 2371 sordibus

545 2404 765 2484 Neque
807 2404 874 2467 in
916 2401 1217 2484 sepulcris
1259 2421 1604 2486 pauperum
1648 2404 1924 2488 prudens
1963 2420 2122 2469 anus

544 2499 968 2567 Novendiales
1011 2499 1318 2583 dissipare
1358 2502 1675 2584 pulveres!
2284 2504 2367 2565 48

545 2597 692 2663 Tibi
736 2597 1041 2680 hospitale
1083 2606 1297 2681 pectus
1339 2606 1403 2664 et
1442 2619 1639 2683 purae
1682 2618 1922 2679 manus,

545 2698 842 2777 Tuusque
881 2702 1098 2761 venter
1138 2717 1253 2781 par
1295 2703 1639 2762 tumescere
1681 2702 1743 2763 et
1783 2703 1888 2761 tuo

545 2794 782 2860 Cruore
821 2796 1043 2862 rubros
1075 2797 1377 2863 obstetrix
1416 2813 1661 2879 pannos
1701 2793 1858 2873 linit,

546 2891 892 2974 Utcumque
931 2892 1108 2960 fortis
1151 2894 1365 2959 exsilis
1406 2911 1736 2977 puerpera.
2285 2888 2364 2950 52

1191 3105 1552 3153 CANIDIA·

544 3235 710 3311 Quid
750 3236 1055 3302 obseratis
1096 3236 1351 3302 auribus
1392 3234 1601 3300 fundis
1645 3234 1901 3316 preces?

543 3334 603 3401 N
605 3353 686 3399 on
729 3352 889 3400 saxa
929 3331 1113 3398 nudis
1152 3333 1435 3398 surdior-e
1475 3333 1709 3398 navitis

544 3430 871 3514 Neptunus
911 3429 1041 3495 alta
1080 3430 1287 3495 tundit
1327 3431 1628 3495 hibernus
1670 3428 1821 3495 salo.

542 3527 785 3593 Inultus
825 3533 895 3593 ut
934 3533 1003 3592 tu
1042 3529 1258 3593 riseris
1299 3527 1581 3609 Cotyttia
1988 3562 2005 3577 s
2281 3526 2362 3587 56

542 3622 840 3705 Vulgata,
883 3644 1128 3691 sacrum
1170 3624 1350 3689 liberi
1393 3623 1749 3707 Cupidinis,

541 3723 626 3786 Et
665 3723 981 3805 Esquilini
1021 3721 1302 3807 pontifex
1340 3720 1605 3787 venefici

539 3818 803 3901 Impune
842 3826 912 3887 ut
958 3819 1192 3887 Urbem
1234 3819 1486 3887 nomine
1525 3817 1804 3903 impleris
1848 3815 2029 3882 meo?
