2946 4583
616 414 699 477 72

541 887 621 946 16

543 1387 626 1447 20

550 1843 634 1949 24

567 2889 648 2951 32

487 3388 658 3447 ’36

1209 343 1222 362 ’
1312 407 1468 473 LIB.
1511 406 1621 484 111,
1664 410 1724 469 4.
1795 425 1800 431 ·

786 591 1050 667 Texere,
1091 586 1318 650 mirum
1362 604 1485 666 qua
1517 582 1677 649 foret
1716 583 2031 663 omnibus,
2072 617 2073 622 κ

782 686 1168 767 Quicumque
1208 684 1424 747 celsae¹
1452 683 1670 748 nidum
1714 681 2132 747 Acherontiae
2170 753 2173 756 Α

868 782 1200 861 Saltusque
1240 781 1542 848 Bantinos
1585 788 1646 845 et
1687 798 1908 849 arvum

948 877 1197 959 Pingve
1235 882 1451 942 tenent
1492 877 1744 944 humilis
1783 876 2060 955 Forenti,

787 1093 946 1155 Tam
990 1096 1121 1155 tuto
1163 1090 1243 1155 ab
1286 1090 1440 1154 atris
1483 1108 1739 1173 corpore
1780 1087 2016 1170 viperis

789 1188 1095 1266 Dormire,
1137 1186 1370 1252 inultus
1413 1206 1597 1270 quam
1640 1204 1955 1271 premerer
1997 1203 2178 1249 sacra

870 1285 1216 1365 Lauroque·
1239 1283 1586 1364 collataque
1627 1290 1856 1365 myrtO,

952 1380 1092 1444 Non
1135 1381 1271 1444 sine
1312 1381 1411 1445 dis
1453 1381 1770 1447 animosus
1810 1377 2037 1445 infans.

796 1594 1040 1672 Vester,
1082 1593 1419 1674 Camenae,
1462 1600 1669 1660 vester
1710 1595 1776 1659 in
1819 1592 2053 1665 arduos

794 1689 1007 1756 Tollor
1050 1691 1336 1769 Sabinos,
1389 1709 1502 1754 seu
1545 1691 1697 1754 mihi
1740 1689 2040 1772 frigidum

874 1787 1213 1852 Praeneste
1254 1806 1364 1852 seu
1408 1787 1607 1850 Tibur
1648 1787 1939 1869 supinum

820 1933 841 1970 ,
962 1881 1091 1947 Seu
1132 1882 1407 1963 liquidae
1448 1881 1739 1963 placuere
1780 1883 1992 1964 Bajae.

798 2093 1039 2160 Vestris
1080 2094 1348 2157 amicum
1391 2093 1663 2158 fontibus
1706 2102 1771 2160 et
1810 2093 2016 2160 choris

795 2193 935 2257 Non
978 2208 1079 2254 me
1117 2189 1394 2275 Philippi
1437 2211 1622 2257 versa
1663 2193 1799 2257 acie
1840 2197 2041 2270 retr0,

882 2289 1126 2354 Devota
1168 2306 1294 2350 non
1338 2288 1641 2353 exstinxit
1679 2289 1867 2355 arbos

966 2383 1100 2447 Nec
1142 2383 1354 2448 Sicula
1393 2385 1728 2450 Palinurus
1770 2386 1958 2451 unda.

814 2595 1159 2676 Utcumque
1201 2614 1441 2660 mecum
1485 2618 1598 2663 vos
1641 2599 1834 2678 eritis,
1874 2598 2078 2663 libens

809 2691 1230 2755 Insanientem
1271 2694 1490 2758 navita
1530 2696 1871 2780 Bosporum

897 2788 1185 2852 Tentabo
1225 2796 1289 2852 et
1329 2799 1580 2856 urentes
1621 2811 1847 2856 arenas

977 2883 1206 2948 Litoris
1249 2887 1497 2967 Assyrii
1537 2888 1767 2966 viator3
1810 2935 1823 2947 ,

819 3095 1035 3160 Visam
1078 3095 1410 3163 Britannos
1454 3098 1801 3182 hospitibus
1841 3099 2007 3164 feros

819 3192 904 3255 Et
944 3191 1172 3255 laetum
1217 3194 1442 3274 equino
1487 3197 1798 3278 sangvine
1840 3196 2235 3274 Concanum3

902 3288 1119 3351 Visam
1163 3289 1556 3371 pharetratos
1598 3293 1872 3356 Gelonos
2054 3359 2077 3365 ,

990 3385 1072 3448 Et
1112 3384 1473 3470 Scythicum
1518 3389 1851 3471 inviolatus
1893 3408 2143 3470 agmen.

826 3579 955 3642 Vos
998 3580 1328 3646 Caesarem
1372 3583 1585 3660 altum,
1628 3582 1796 3646 mille
1830 3601 1974 3646 suos
2014 3582 2236 3661 semel,

832 3676 1035 3741 Festis
1078 3677 1357 3743 cohortes
1403 3689 1467 3743 ut
1509 3678 1682 3742 dedit
1723 3679 1978 3757 Africis,
