2946 4583
675 380 794 441 112

549 2166 680 2271 s12

602 2669 683 2731 16

607 3681 690 3741 24

1394 375 1549 452 LIB.
1592 375 1702 453 IV,
1746 379 1802 442 4.

1538 556 1645 621 IV.

1323 704 1516 761 DRUSI
1552 704 1826 761 LAUDES.

844 818 1150 950 Qualem
1194 850 1544 915 ministrum
1587 849 1867 915 fulminis
1907 851 2141 929 alitem,

841 952 957 1018 Cui
1000 969 1114 1014 rex
1156 947 1412 1014 deorum
1456 968 1720 1031 regnum
1765 950 1830 1014 in
1873 968 2025 1015 aves
2068 945 2269 1030 vagas

921 1047 1213 1114 Permisit
1255 1054 1551 1132 expertus
1594 1046 1841 1112 fidelem

1008 1147 1255 1229 Sospite
1296 1156 1359 1209 et
1400 1145 1466 1209 in
1509 1144 1899 1227 Ganymede,
1942 1143 2102 1221 vidi,

841 1361 1046 1437 Quum
1088 1360 1236 1425 olim
1267 1358 1564 1441 juventas
1607 1365 1668 1423 et
1709 1359 1948 1442 patrius
1986 1359 2169 1439 vigor

843 1458 1009 1524 Nido
1050 1457 1334 1521 laborum
1376 1456 1649 1541 propulit
1689 1458 1972 1533 inscium,

928 1557 1229 1620 Levatum
1276 1561 1337 1617 et
1379 1554 1443 1617 in
1487 1554 1685 1618 nubes
1715 1553 1996 1618 remotas

1004 1652 1293 1718 Insolitos
1336 1651 1604 1715 docuere
1647 1652 1820 1716 nisus

843 1867 1030 1932 Venti
1072 1872 1423 1949 paventem,
1467 1885 1614 1928 mox
1655 1866 1721 1930 in
1765 1867 1955 1932 ovilia

845 1963 1114 2032 Demisit
1157 1962 1396 2027 hostem
1440 1963 1691 2027 vividus
1734 1961 2021 2048 impetus,

928 2062 1110 2127 Nunc
1151 2062 1216 2125 in
1262 2059 1638 2125 reluctantes
1680 2061 1984 2128 dracones

1012 2160 1163 2243 Egit
1205 2179 1379 2225 amor
1422 2160 1605 2243 dapis
1648 2167 1834 2240 atque
1878 2163 2158 2243 pugnae3

848 2373 1191 2452 Qualemve
1232 2374 1413 2438 laetis
1454 2393 1686 2453 caprea
1727 2374 1978 2458 pascuis

849 2474 1098 2537 Intenta
1140 2472 1350 2537 fulvae
1392 2473 1609 2537 matris
1652 2473 1732 2537 ab
1780 2472 1966 2536 ubere

930 2568 1076 2633 Jam
1121 2570 1237 2632 rite
1280 2569 1606 2654 depulsum
1647 2570 1910 2648 leonem,

1015 2665 1222 2731 Dente
1267 2686 1428 2731 novo
1473 2666 1769 2753 peritura,
1813 2665 1996 2732 viditz

849 2876 1082 2944 Videre
1122 2887 1392 2968 praesto¹
1412 2879 1578 2944 bella
1619 2879 1734 2942 sub
1776 2880 2040 2963 Alpibus
2100 2881 2106 2886 ’

851 2978 1124 3043 Drusum
1167 2977 1558 3058 ingerentem
1600 2976 1909 3055 Vindelici
1951 2977 2088 3042 sibi.

935 3075 1072 3139 Mos
1116 3074 1282 3139 unde
1324 3075 1629 3140 deductus
1671 3096 1783 3159 per
1825 3093 2010 3138 omne
2053 3073 2151 3155 his
2221 3148 2225 3158 Ι

937 3258 940 3261 ¹
1014 3172 1291 3261 Tempus
1332 3173 1697 3237 Amazonia
1720 3170 1922 3238 securi

855 3384 1133 3451 Dextras
1174 3386 1475 3464 obarmet,
1517 3404 1817 3467 quaerere
1858 3382 2072 3450 distuli
2111 3418 2193 3430 —-

852 3484 987 3548 Nec
1028 3483 1189 3547 scire
1228 3482 1328 3548 fas
1371 3490 1466 3547 est
1507 3483 1718 3547 omnia
1759 3503 1870 3560 —3
1913 3481 2026 3546 sed
2068 3480 2178 3546 diu

937 3579 1212 3661 Lateque
1252 3579 1538 3644 victrices
1579 3584 1868 3642 catervae

1017 3676 1309 3742 Consiliis
1341 3675 1595 3759 juvenis
1637 3680 1905 3742 retortae
