2946 4583
1177 420 1335 486 LIB.
1375 421 1460 501 11,
1505 425 1598 489 17.
2214 434 2293 494 59

551 598 752 663 Parca
792 618 917 664 non
961 600 1212 666 vendax
1250 600 1425 668 dedit
1466 610 1531 667 et
1573 565 1929 688 malignum¹

548 700 555 712 “
717 695 1031 781 Spernere
1072 700 1317 782 vulgus.

1294 886 1459 897 —-.

1263 1028 1468 1094 XVII.

840 1177 926 1233 AD
962 1175 1401 1233 ΜΑΕΟΕΝΑΤΕΜ
1434 1176 1932 1248 AEGROTANTEM,

524 1288 679 1341 quem
717 1288 748 1327 a
784 1278 1006 1329 consilio
1063 1277 1414 1328 voluntariam
1469 1278 1573 1329 sibi
1624 1284 1846 1331 mortem
1906 1284 2271 1337 consciscendi
2305 1286 2377 1337 ita

521 1359 794 1412 deterrere
832 1362 1052 1410 conatur
1109 1356 1288 1421 poeta,
1342 1362 1399 1407 ut
1453 1357 1598 1419 juret
1650 1371 1710 1411 se
1748 1362 1935 1415 eodem
1973 1369 2210 1429 tempore
2246 1380 2378 1422 suae

522 1452 730 1505 quoque
765 1440 904 1492 vitae
940 1442 1044 1493 vim
1082 1451 1205 1491 esse
1242 1440 1547 1491 allaturum.

720 1516 872 1627 Cor
916 1554 1001 1618 mi
1044 1553 1315 1636 querelis
1358 1555 1685 1619 exanimas
1726 1556 1868 1622 tuis.

716 1656 849 1720 Nec
891 1652 988 1742 dis
1031 1651 1268 1720 amicus
1308 1671 1427 1718 nec
1468 1651 1623 1718 mihi
1665 1659 1734 1718 tu
1773 1673 1964 1737 paras

798 1750 1008 1829 obire,
1051 1751 1403 1830 Maecenas,
1447 1769 1731 1816 mearum

879 1848 1142 1913 Grande
1183 1848 1373 1914 decus
1416 1850 1825 1931 columenque
1866 1867 2090 1914 rerum.
2340 1857 2380 1916 4

714 2029 923 2105 Quid?
966 2035 1030 2094 te
1070 2048 1249 2095 meae
1291 2030 1342 2094 si
1387 2036 1635 2113 partem
1678 2030 1929 2095 animae
1968 2031 2136 2114 rapit

712 2128 1016 2192 Maturior
1059 2128 1174 2206 vis,
1215 2127 1346 2193 vim
1389 2146 1595 2191 morer
1637 2126 1923 2205 alteram,

746 2219 759 2235 ⁸
797 2228 932 2294 Nec
971 2245 1156 2290 carus
1197 2242 1396 2305 aeque
1433 2242 1570 2303 nec,
1613 2230 1947 2307 superstes,

879 2323 1173 2407 Integer?
1215 2321 1331 2388 Ille
1373 2321 1511 2388 dies
1552 2328 1879 2403 utramque
2342 2327 2381 2386 8

717 2509 920 2572 Ducet
958 2504 1221 2569 ruinam.
1306 2504 1366 2569 N
1368 2523 1446 2568 on
1493 2523 1615 2585 ego
1658 2501 1961 2586 perfidum

715 2604 867 2670 Dixi
909 2606 1393 2669 sacramentum:
1437 2598 1701 2680 ibimu8‚·
1729 2601 1979 2680 ibimus,

793 2703 1139 2781 Utcumque
1180 2695 1538 2782 praecedes,
1584 2716 1940 2780 supremum

882 2799 1157 2882 Carpere
1199 2796 1320 2859 itcr
1363 2795 1619 2858 comites
1661 2795 1883 2876 parati.
2305 2798 2385 2859 12

715 2983 879 3048 Hinc
917 2998 1035 3045 nec
1075 2977 1446 3042 Chimaerae
1489 2974 1714 3059 spiritu
1758 2993 1880 3057 ego
1921 2974 2109 3055 igneo

716 3082 850 3147 Nec
890 3078 946 3143 si
984 3073 1298 3157 refulgent
1340 3080 1565 3136 cuncta
1610 3071 1798 3135 minis
1840 3069 2041 3150 doris,

798 3174 1094 3259 Depellar
1136 3190 1461 3252 umquam3
1506 3168 1599 3231 sic
1640 3173 1874 3250 potenti

897 3269 1192 3338 Justitiae
1234 3273 1332 3331 est
1370 3265 1788 3349 placitumque
1830 3264 2063 3330 Parcis.
2316 3272 2393 3331 16

715 3455 841 3520 Seu
883 3450 1095 3529 Libra,
1138 3467 1250 3515 seu
1292 3446 1399 3529 qui
1443 3446 1739 3529 Scorpios
1783 3445 2042 3529 appetit,

716 3548 1149 3616 Formidolosa
1190 3553 1301 3610 aut
1340 3550 1485 3629 post
1533 3544 1809 3609 valitura
1851 3560 2000 3625 pars

799 3646 1077 3715 Navabit
1121 3646 1360 3722 horam,
1401 3660 1514 3707 seu
1554 3646 1863 3724 tyrannus

879 3743 1226 3826 Hesperiae
1269 3740 1685 3825 Capricornus
1728 3737 1951 3816 undae,
2181 3798 2186 3801 ,
2316 3733 2400 3794 20
