2946 4583
1169 418 1323 491 LIB.
1369 426 1450 505 Π,
1496 433 1551 490 3.

1320 707 1431 771 111.

1112 853 1200 908 AD
1239 853 1297 919 Q.
1334 853 1641 913 nmmum,

583 997 902 1114 Aequam
945 1040 1253 1098 memento
1296 1035 1483 1099 rebus
1525 1035 1590 1097 in
1632 1037 1847 1100 arduis

588 1130 856 1196 Servare
897 1138 1194 1208 mentem3
1236 1151 1362 1195 non
1404 1150 1585 1196 secus
1626 1132 1693 1196 in
1735 1133 1915 1197 bonis

666 1227 763 1318 Al)
806 1228 1095 1291 insolenti
1139 1235 1486 1310 temperato

749 1324 1038 1402 Laetitia,
1078 1326 1375 1388 moriture
1416 1325 1602 1404 Delli,

591 1505 717 1568 Seu
762 1510 1035 1568 maestus
1078 1505 1244 1568 omni
1291 1511 1572 1588 tempore
1611 1506 1874 1585 vixeris,

585 1603 712 1668 Seu
753 1610 815 1667 te
855 1604 921 1667 in
961 1609 1201 1667 remoto
1243 1604 1531 1684 gramine
1573 1622 1683 1686 per
1726 1603 1861 1667 dies

671 1701 891 1766 Festos
933 1700 1295 1764 reclinatum
1341 1698 1546 1763 bearis

655 1802 660 1807 ’
790 1798 1094 1862 Interiore
1134 1803 1284 1861 nota
1325 1796 1599 1860 Falerni.

583 1980 747 2055 Quid
792 1979 973 2061 pinus
1018 1980 1242 2059 ingens
1284 1978 1552 2059 albaque
1591 1975 1860 2060 populus

584 2076 883 2140 Umbram
925 2074 1296 2157 hospitalem
1340 2073 1698 2137 consociare
1739 2082 1954 2138 amant

668 2171 904 2248 Rami8‚
948 2171 1050 2233 ubi
1096 2171 1342 2250 obliquo
1385 2171 1636 2232 lavatur

752 2269 1052 2352 Nympha
1094 2266 1285 2351 pedes
1328 2265 1670 2349 crepitante
1711 2265 1869 2345 rivo,

582 2450 666 2515 Ni
708 2451 859 2514 vina
900 2456 963 2512 et
1007 2452 1327 2529 unguenta
1368 2446 1492 2522 huc
1533 2446 1793 2509 nimium
1835 2452 1898 2509 et
1937 2445 2163 2512 breves

591 2547 811 2612 Flores
852 2566 1154 2612 amoenae
1183 2544 1359 2626 ferre
1401 2544 1579 2622 iubes
1620 2562 1828 2621 rosae,

668 2645 838 2707 Dum
879 2650 1074 2708 restat
1117 2651 1292 2707 aetas
1336 2649 1399 2704 et
1441 2659 1722 2705 sororum

746 2740 889 2805 Fila
932 2740 1119 2804 trium
1163 2736 1509 2803 rubicunda
1552 2737 1818 2801 nentur?

585 2935 790 3000 Gedes
832 2937 1132 3020 coemptis
1174 2934 1435 3000 saltibus
1479 2939 1540 2997 et
1573 2935 1757 2998 domo

586 3032 892 3113 Villaque,
932 3032 1083 3097 flavi
1125 3052 1196 3098 os
1240 3052 1423 3113 quam
1470 3032 1719 3096 Tiberis
1762 3031 1961 3107 lavat3

670 3128 892 3208 Cedes,
938 3135 1000 3193 et
1041 3131 1372 3194 exstructis
1416 3129 1482 3191 in
1523 3128 1714 3191 altum

753 3226 1008 3290 Divitiis
1049 3226 1317 3309 potietur
1363 3224 1562 3289 heres.

590 3439 866 3504 Divesne
906 3439 1111 3522 prisco
1153 3445 1338 3505 natus
1379 3440 1459 3504 ab
1501 3439 1764 3517 Inacho,

591 3535 694 3599 Nil
738 3535 1020 3615 interest,
1061 3555 1146 3601 an
1187 3556 1425 3620 pauper
1468 3542 1531 3601 et
1570 3535 1818 3600 infimus

673 3632 893 3713 Degas
935 3633 1102 3714 quod
1143 3639 1239 3698 est
1280 3633 1452 3712 aevi;
1492 3632 1755 3697 moraris

755 3728 1026 3792 Victima
1067 3728 1155 3793 nil
1199 3730 1554 3795 miserantis
1589 3727 1752 3793 Orci.

2209 435 2288 494 43

2301 2270 2379 2332 12

2304 2747 2379 2805 16

2298 3731 2379 3793 24
