2946 4583
652 431 732 490 36
1376 428 1530 495 LIB.
1575 429 1625 509 I,
1658 434 1759 496 36.

863 608 959 671 Te
1001 607 1161 691 Spes
1201 615 1265 674 et
1305 609 1451 674 alba
1494 630 1638 675 rara
1678 611 1872 677 Fides
1913 611 2059 677 colit

865 703 1106 768 Levata
1146 725 1382 788 penna,
1423 727 1541 772 nec
1582 710 1865 774 comitem
1910 711 2208 792 abnegat,

946 799 1394 884 Quodcumque
1435 807 1729 870 mortales
1772 813 2076 888 paventes

566 898 651 961 24
1025 900 1219 965 Vecta
1258 920 1371 984 per
1412 902 1675 969 arduum
1719 904 1933 984 iniqua
1973 903 2175 968 ducis:

855 1081 943 1145 At
984 1079 1215 1163 vulgus
1255 1081 1536 1162 infidum,
1579 1089 1645 1148 at
1686 1084 1980 1148 meretrix
2023 1092 2187 1150 retro

853 1176 1116 1259 Perjura
1158 1179 1341 1258 cedit,
1384 1179 1516 1244 dux
1556 1179 1906 1263 fugientum
1948 1182 2079 1246 abit

938 1276 1101 1339 Tum
1144 1275 1307 1341 falsa
1347 1283 1519 1342 secta
1562 1298 1757 1343 avens
1800 1277 2036 1357 cululli,

565 1371 647 1433 28
1021 1372 1214 1438 Ferre
1254 1374 1471 1456 iugum
1514 1376 1750 1458 pariter
1791 1375 2026 1441 dolosa.

855 1552 1085 1618 Serves
1127 1552 1735 1633 iturumCaesarem
1778 1556 1845 1619 in
1886 1554 2158 1637 ultimos,

849 1649 1096 1730 Precor,
1140 1653 1475 1717 Britannos
1517 1658 1579 1714 et
1610 1649 1914 1732 juvenum
1957 1671 2179 1717 recens
2307 1672 2310 1675 ’

931 1748 1216 1812 Examen
1261 1748 1410 1813 Eois
1453 1746 1798 1810 timendum

567 1844 647 1907 32
1018 1844 1311 1909 Partibus
1352 1844 1727 1926 Oceanoque
1768 1844 1972 1909 rubro.

849 2023 1009 2102 Heu,
1051 2040 1207 2106 quos
1250 2024 1606 2089 cicatricum
1649 2029 1712 2090 et
1753 2024 2008 2090 sceleris
2052 2024 2249 2109 pudet

852 2121 1130 2201 Panum,
1173 2122 1477 2204 vitiquid
1520 2121 1680 2186 dura
1719 2122 2067 2204 refugimus

929 2218 1166 2285 Aetas?
1210 2218 1357 2302 quid
1401 2219 1702 2283 intactum
1746 2219 1971 2284 nefasti

561 2316 643 2377 36
1014 2317 1377 2397 Liquimus‘?
1422 2317 1606 2382 Unde
1647 2338 1900 2383 manum
1942 2318 2234 2400 juventus

849 2496 1021 2561 Metu
1063 2496 1316 2562 deorum
1362 2496 1708 2562 continuit?
1751 2497 1975 2578 quibus

849 2592 1138 2677 Pepercit
1177 2595 1348 2660 aris?
1390 2594 1445 2660 O
1489 2595 1644 2673 sine,
1686 2593 1852 2676 quod
1896 2601 2090 2659 novat

930 2692 1185 2772 Incude,
1226 2693 1503 2776 deponat
1543 2698 1818 2757 retusum
1862 2692 1927 2757 in

562 2790 646 2851 40
1013 2788 1409 2875 Massagetas
1449 2788 1822 2870 Arabasque
1863 2789 2130 2854 ferrum!

1399 3232 1702 3297 XXXVL

725 3374 1025 3431 PROPTER
1064 3374 1345 3432 mummi
1379 3375 1914 3513 Pssffiffnffimmffl
1948 3379 2041 3436 EX
2073 3379 2372 3438 HISPANIA

854 3566 966 3672 Et
1005 3602 1187 3666 thure
1233 3607 1296 3666 et
1334 3600 1563 3665 fidibus
1604 3600 1779 3678 iuvat

719 3700 980 3766 Placare
1018 3704 1082 3762 et
1122 3699 1300 3764 vituli
1342 3697 1653 3780 sangvine
1692 3696 1905 3764 debito
