2946 4583
661 443 743 503 90

584 918 661 978 32

535 1384 667 1453 ‘36

591 1867 672 1925 40

594 2340 674 2398 44

1350 438 1505 503 LIB.
1548 440 1662 518 ΠΙ,
1691 444 1803 504 17.

828 620 1035 682 Purae
1079 618 1250 682 rivus
1294 639 1496 700 aquae
1537 620 1818 703 silvaque
1849 621 2143 704 jugerum

829 718 1169 781 Paucorum
1217 724 1278 780 et
1321 720 1556 799 segetis
1599 726 1767 784 certa
1808 717 1964 783 fides
2007 738 2186 785 meae

912 814 1321 894 Fla-grantum
1366 816 1625 898 imperio
1668 814 1889 880 fertilis
1933 818 2185 882 Africae

1078 912 1241 975 Tolli
1285 917 1379 974 est
1420 921 1586 976 sorte
1630 913 1926 978 beantior.

830 1094 1219 1174 Quamquam
1264 1112 1378 1157 nec
1424 1093 1731 1158 Calabrae
1774 1096 1957 1162 mella
1999 1096 2205 1161 ferunt
2246 1115 2417 1180 apes,

833 1194 963 1258 Nec
1006 1192 1476 1273 Laestrygonia
1519 1192 1800 1257 Bacchus
1841 1195 1903 1257 in
1948 1196 2250 1278 amphora

916 1289 1298 1371 Langvescit
1340 1289 1512 1366 mihi,
1556 1309 1670 1353 nec
1713 1292 1923 1355 tenuia
1959 1291 2218 1359 Gallicis

995 1387 1299 1451 Crescunt
1339 1386 1574 1451 vellera
1616 1389 1892 1470 pascuis3

835 1570 1197 1650 Importuna
1239 1573 1447 1631 tamen
1494 1570 1823 1651 pauperies
1865 1569 2062 1648 abest,
2144 1568 2148 1572 ⁴

837 1667 986 1745 Nec,
1029 1665 1083 1729 si
1124 1664 1307 1746 plura
1349 1665 1556 1744 velim,
1600 1672 1668 1729 tu
1711 1666 1862 1730 dare
1904 1666 2197 1749 deneges.

918 1762 1251 1849 Contracto
1295 1762 1515 1825 melius
1559 1782 1754 1843 parva
1797 1763 2093 1845 cupidine.

1001 1857 1353 1939 Vectigalia
1394 1860 1739 1940 porrigam,

838 2038 1040 2115 Quam
1083 2038 1137 2104 si
1180 2037 1542 2120 Mygdoniis
1584 2059 1848 2121 regnum
1891 2041 2165 2124 Alyattei

839 2137 1094 2220 Campis
1137 2138 1506 2203 continuem.
1593 2137 1791 2204 Multa
1833 2141 2185 2220 petentibus

922 2238 1162 2300 Desunt
1203 2235 1423 2314 multa3
1466 2236 1626 2301 bene
1669 2244 1781 2316 est,
1824 2237 1922 2301 cui
1965 2237 2120 2304 deus
2163 2238 2384 2304 obtulit

1001 2334 1220 2413 Parca,
1262 2334 1426 2414 quod
1470 2335 1622 2398 satis
1665 2342 1780 2414 est,
1824 2356 2032 2400 manu.

1468 2697 1670 2761 XVII.

1242 2845 1328 2900 AD
1363 2843 1608 2900 AELIUM
1645 2843 1914 2901 LAMIAM.

843 2957 1040 3071 Aeli,
1082 2991 1364 3056 invidum
1409 2990 1554 3068 ulte,
1598 3010 1666 3054 es
1708 2993 1932 3058 nobilis
1976 2997 2056 3060 ab
2101 2996 2323 3060 Lamo:

847 3088 1012 3167 Quin
1056 3091 1180 3156 do?
1223 3110 1335 3174 per
1378 3108 1490 3153 ora
1533 3095 1594 3152 et
1635 3089 1689 3177 si
1732 3088 1878 3155 hinc
1919 3091 2172 3158 Lamias
2214 3093 2418 3158 ferunt

933 3189 1378 3254 Denominatos
1420 3194 1483 3251 et
1523 3207 1720 3271 nepas
1761 3194 1829 3252 tu

1017 3284 1138 3349 Per
1181 3303 1486 3349 memores
1531 3304 1731 3366 genus
1774 3305 1955 3351 omne
1995 3285 2190 3350 fastos

849 3469 1120 3530 Auctore
1161 3464 1239 3529 ab
1284 3463 1390 3528 illo
1434 3464 1611 3529 ducis
1653 3465 1991 3547 originum,

850 3564 972 3640 Qui
1014 3562 1406 3627 Formiarum
1451 3562 1695 3625 moenia
1739 3560 1964 3627 dicitur

937 3662 1236 3742 Princeps
1278 3665 1341 3723 et
1381 3659 1701 3723 innantem
1744 3659 2022 3725 Maricae

1018 3757 1330 3823 Litoribus
1372 3755 1647 3821 tenuisse
1688 3755 1881 3821 Lirim
