2946 4583
1107 424 1281 491 Lm<
1307 417 1425 501 111,
1459 421 1566 485 29.
2152 408 2277 473 103

618 611 771 678 Mox
809 606 1203 676 cantabimus
1243 606 1313 670 in
1350 603 1525 669 vices

542 710 901 792 Neptunum
942 711 1008 771 et
1045 701 1281 770 virides
1323 696 1665 767 Nemeum
1703 705 1946 766 comam

623 806 788 871 Tum
829 821 1024 867 curva
1065 799 1307 865 recines
1343 797 1520 879 lyra?

543 902 850 967 Latonam
892 906 956 966 et
996 897 1220 966 celeris
1256 891 1501 979 spicula
1539 887 1883 975 Cynthium
2282 875 2366 939 12

625 999 881 1064 Summo
924 996 1216 1073 carmine,
1257 1010 1418 1076 quae
1456 987 1705 1055 Gnidon

543 1096 1012 1179 Fulgentesque
1051 1099 1221 1158 tenet
1262 1086 1579 1173 Cycladas
1619 1089 1683 1150 et
1720 1079 1987 1165 Paphon

628 1194 668 1259 J
672 1190 873 1258 unctis
913 1189 1060 1256 visit
1100 1186 1391 1254 oloribus.

548 1291 794 1357 Ditetur
832 1287 1054 1353 merito
1095 1302 1224 1363 nox
1263 1299 1507 1365 quoque
1548 1293 1821 1346 munere.
2290 1268 2370 1329 16.

1249 1662 1495 1728 XXIX.

1042 1771 1045 1772 f
1097 1812 1181 1869 An
1215 1807 1673 1869 mesenum.

629 1932 1004 2050 ‘Tyrrhena
1046 1979 1268 2043 regum
1309 1959 1667 2043 progenie8‚
1708 1952 1824 2019 tibi

641 2069 781 2133 Non
824 2068 971 2125 ante
1012 2077 1195 2124 verso
1235 2057 1380 2123 lene
1421 2075 1660 2121 merum
1702 2050 1859 2116 cado

723 2163 880 2227 Cum
921 2155 1094 2236 flore,
1136 2156 1487 2232 Maecenas,
1528 2167 1810 2216 rosarum
1850 2152 1915 2212 et

811 2257 1042 2323 Pressa
1080 2252 1204 2319 tuis
1245 2249 1510 2327 balanus
1551 2244 1794 2330 capillis
2340 2241 2381 2300 4

641 2442 683 2506 J
685 2436 1025 2505 amdudum
1067 2433 1236 2518 apud
1279 2451 1380 2497 me
1421 2439 1535 2496 est.
1619 2428 1814 2512 Eripe
1854 2432 1919 2491 te
1958 2440 2192 2502 morae,

647 2540 780 2606 Nec
820 2553 1066 2618 semper
1107 2534 1233 2595 imo
1277 2531 1358 2596 ab
1399 2528 1599 2595 Tibur
1641 2533 1704 2590 et
1746 2521 2020 2589 Aesulae

731 2633 994 2701 Declive
1033 2627 1469 2714 contempleris
1510 2642 1733 2692 arvum
1774 2629 1838 2689 et

821 2729 1130 2815 Telegoni
1160 2729 1324 2813 juga
1365 2723 1736 2810 parricidae.
2346 2717 2387 2776 8

641 2947 1071 3013 --Fastidiosam
1117 2944 1340 3010 desere
1381 2939 1626 3024 copiam
1667 2942 1731 3003 et

655 3047 883 3113 Molem
923 3046 1335 3130 propinquam
1378 3036 1649 3104 nubibus
1690 3033 1933 3112 arduis3

738 3145 971 3212 Omitte
1012 3141 1227 3205 mirari
1266 3139 1492 3202 beatae

828 3242 1093 3306 Fumum
1135 3246 1200 3304 et
1239 3254 1392 3319 opes
1432 3232 1882 3318 strepitumque
1914 3231 2171 3300 Romae.
2318 3233 2397 3296 12

660 3441 1033 3519 Plerumque
1072 3441 1294 3526 gratae
1335 3431 1633 3497 divitibus
1671 3430 1843 3495 vices
1856 3477 1873 3507 ‚

662 3535 1054 3616 Mundaeque
1094 3552 1289 3617 parvo
1331 3531 1446 3596 sub
1489 3531 1621 3596 lare
1662 3546 2004 3612 pauperum

748 3636 997 3701 Coenae
1039 3632 1174 3697 sine
1214 3629 1453 3695 aulaeis
1495 3635 1558 3693 et
1599 3634 1771 3694 ostro

834 3730 1174 3797 Sollicitam
1215 3728 1569 3812 explicuere
1611 3726 1895 3791 frontem.
2328 3724 2407 3782 16
