<?xml version="1.0" encoding="UTF-8"?>
<!DOCTYPE html PUBLIC "-//W3C//DTD XHTML 1.0 Transitional//EN"
    "http://www.w3.org/TR/xhtml1/DTD/xhtml1-transitional.dtd">
<html xmlns="http://www.w3.org/1999/xhtml" xml:lang="en" lang="en">
 <head>
  <title>
</title>
<meta http-equiv="Content-Type" content="text/html;charset=utf-8" />
  <meta name='ocr-system' content='tesseract 3.04.00' />
  <meta name='ocr-capabilities' content='ocr_page ocr_carea ocr_par ocr_line ocrx_word'/>
</head>
<body>
  <div class='ocr_page' id='page_1' title='image "./carminalyricaod00ljungoog_0112.png"; bbox 0 0 2946 4583; ppageno 0'>
   <div class='ocr_carea' id='block_1_1' title="bbox 574 890 653 951">
    <p class='ocr_par' dir='ltr' id='par_1_1' title="bbox 574 890 653 951">
     <span class='ocr_line' id='line_1_1' title="bbox 574 890 653 951; baseline 0 0"><span class='ocrx_word' id='word_1_1' title='bbox 574 890 653 951; x_wconf 89' lang='lat'><strong>12</strong></span> 
     </span>
    </p>
   </div>
   <div class='ocr_carea' id='block_1_2' title="bbox 571 1367 652 1428">
    <p class='ocr_par' dir='ltr' id='par_1_2' title="bbox 571 1367 652 1428">
     <span class='ocr_line' id='line_1_2' title="bbox 571 1367 652 1428; baseline 0 0"><span class='ocrx_word' id='word_1_2' title='bbox 571 1367 652 1428; x_wconf 83' lang='lat'><strong>16</strong></span> 
     </span>
    </p>
   </div>
   <div class='ocr_carea' id='block_1_3' title="bbox 564 1841 649 1902">
    <p class='ocr_par' dir='ltr' id='par_1_3' title="bbox 564 1841 649 1902">
     <span class='ocr_line' id='line_1_3' title="bbox 564 1841 649 1902; baseline 0.012 -1"><span class='ocrx_word' id='word_1_3' title='bbox 564 1841 649 1902; x_wconf 86' lang='lat'><strong>20</strong></span> 
     </span>
    </p>
   </div>
   <div class='ocr_carea' id='block_1_4' title="bbox 565 2316 648 2376">
    <p class='ocr_par' dir='ltr' id='par_1_4' title="bbox 565 2316 648 2376">
     <span class='ocr_line' id='line_1_4' title="bbox 565 2316 648 2376; baseline -0.012 0"><span class='ocrx_word' id='word_1_4' title='bbox 565 2316 648 2376; x_wconf 88' lang='lat'><strong>24</strong></span> 
     </span>
    </p>
   </div>
   <div class='ocr_carea' id='block_1_5' title="bbox 660 416 743 475">
    <p class='ocr_par' dir='ltr' id='par_1_5' title="bbox 660 416 743 475">
     <span class='ocr_line' id='line_1_5' title="bbox 660 416 743 475; baseline 0 0"><span class='ocrx_word' id='word_1_5' title='bbox 660 416 743 475; x_wconf 85' lang='lat'><strong>84</strong></span> 
     </span>
    </p>
   </div>
   <div class='ocr_carea' id='block_1_6' title="bbox 560 2788 708 2879">
    <p class='ocr_par' dir='ltr' id='par_1_6' title="bbox 560 2788 708 2879">
     <span class='ocr_line' id='line_1_6' title="bbox 560 2788 708 2879; baseline -0.007 -30"><span class='ocrx_word' id='word_1_6' title='bbox 560 2788 708 2879; x_wconf 9' lang='lat'><strong>28*</strong></span> 
     </span>
    </p>
   </div>
   <div class='ocr_carea' id='block_1_7' title="bbox 560 3261 642 3324">
    <p class='ocr_par' dir='ltr' id='par_1_7' title="bbox 560 3261 642 3324">
     <span class='ocr_line' id='line_1_7' title="bbox 560 3261 642 3324; baseline -0.024 0"><span class='ocrx_word' id='word_1_7' title='bbox 560 3261 642 3324; x_wconf 82' lang='lat'><strong>32</strong></span> 
     </span>
    </p>
   </div>
   <div class='ocr_carea' id='block_1_8' title="bbox 558 3710 694 3796">
    <p class='ocr_par' dir='ltr' id='par_1_8' title="bbox 558 3710 694 3796">
     <span class='ocr_line' id='line_1_8' title="bbox 558 3710 694 3796; baseline -0.007 0"><span class='ocrx_word' id='word_1_8' title='bbox 558 3710 694 3796; x_wconf 72' lang='lat'><strong>36&#39;</strong></span> 
     </span>
    </p>
   </div>
   <div class='ocr_carea' id='block_1_9' title="bbox 1345 407 1800 487">
    <p class='ocr_par' dir='ltr' id='par_1_9' title="bbox 1345 407 1800 487">
     <span class='ocr_line' id='line_1_9' title="bbox 1345 407 1800 487; baseline -0.004 -15"><span class='ocrx_word' id='word_1_9' title='bbox 1345 407 1504 472; x_wconf 77' lang='lat' dir='ltr'><strong>Lm.</strong></span> <span class='ocrx_word' id='word_1_10' title='bbox 1547 407 1660 487; x_wconf 91' lang='lat'>111,</span> <span class='ocrx_word' id='word_1_11' title='bbox 1703 411 1800 471; x_wconf 91' lang='lat'><strong>11.</strong></span> 
     </span>
    </p>
   </div>
   <div class='ocr_carea' id='block_1_10' title="bbox 840 585 2175 947">
    <p class='ocr_par' dir='ltr' id='par_1_10' title="bbox 842 585 2175 671">
     <span class='ocr_line' id='line_1_10' title="bbox 842 585 2175 671; baseline -0.003 -16"><span class='ocrx_word' id='word_1_12' title='bbox 842 588 1040 669; x_wconf 83' lang='lat' dir='ltr'><strong>Quae,</strong></span> <span class='ocrx_word' id='word_1_13' title='bbox 1082 587 1253 653; x_wconf 85' lang='lat' dir='ltr'><strong>velut</strong></span> <span class='ocrx_word' id='word_1_14' title='bbox 1291 585 1440 654; x_wconf 85' lang='lat' dir='ltr'><strong>latis</strong></span> <span class='ocrx_word' id='word_1_15' title='bbox 1482 607 1642 670; x_wconf 86' lang='lat' dir='ltr'><strong>equa</strong></span> <span class='ocrx_word' id='word_1_16' title='bbox 1683 587 1875 652; x_wconf 87' lang='lat' dir='ltr'><strong>trima</strong></span> <span class='ocrx_word' id='word_1_17' title='bbox 1915 588 2175 671; x_wconf 84' lang='lat' dir='ltr'><strong>eampis,</strong></span> 
     </span>
    </p>

    <p class='ocr_par' dir='ltr' id='par_1_11' title="bbox 840 683 1987 766">
     <span class='ocr_line' id='line_1_11' title="bbox 840 683 1987 766; baseline -0.003 -14"><span class='ocrx_word' id='word_1_18' title='bbox 840 687 1033 752; x_wconf 88' lang='lat' dir='ltr'><strong>Ludit</strong></span> <span class='ocrx_word' id='word_1_19' title='bbox 1075 684 1364 752; x_wconf 84' lang='lat' dir='ltr'><strong>exsultim</strong></span> <span class='ocrx_word' id='word_1_20' title='bbox 1406 686 1746 766; x_wconf 90' lang='lat' dir='ltr'><strong>metuitque</strong></span> <span class='ocrx_word' id='word_1_21' title='bbox 1787 683 1987 766; x_wconf 79' lang='lat' dir='ltr'><strong>tangi,</strong></span> 
     </span>
    </p>

    <p class='ocr_par' dir='ltr' id='par_1_12' title="bbox 840 780 2166 947">
     <span class='ocr_line' id='line_1_12' title="bbox 840 780 2166 869; baseline -0.004 -18"><span class='ocrx_word' id='word_1_22' title='bbox 840 784 1214 869; x_wconf 85' lang='lat' dir='ltr'><strong>Nuptiarum</strong></span> <span class='ocrx_word' id='word_1_23' title='bbox 1256 800 1482 867; x_wconf 80' lang='lat' dir='ltr'><strong>expers</strong></span> <span class='ocrx_word' id='word_1_24' title='bbox 1523 788 1586 847; x_wconf 91' lang='lat' dir='ltr'><strong>et</strong></span> <span class='ocrx_word' id='word_1_25' title='bbox 1625 780 1833 846; x_wconf 87' lang='lat' dir='ltr'><strong>adhue</strong></span> <span class='ocrx_word' id='word_1_26' title='bbox 1873 787 2166 866; x_wconf 85' lang='lat' dir='ltr'><strong>protervo</strong></span> 
     </span>
     <span class='ocr_line' id='line_1_13' title="bbox 1016 880 1515 947; baseline -0.008 0"><span class='ocrx_word' id='word_1_27' title='bbox 1016 880 1232 947; x_wconf 85' lang='lat' dir='ltr'>Cruda</span> <span class='ocrx_word' id='word_1_28' title='bbox 1273 880 1515 944; x_wconf 88' lang='lat' dir='ltr'><strong>marito.</strong></span> 
     </span>
    </p>
   </div>
   <div class='ocr_carea' id='block_1_11' title="bbox 833 1061 2055 1424">
    <p class='ocr_par' dir='ltr' id='par_1_13' title="bbox 838 1061 2055 1150">
     <span class='ocr_line' id='line_1_14' title="bbox 838 1061 2055 1150; baseline -0.005 -18"><span class='ocrx_word' id='word_1_29' title='bbox 838 1068 941 1132; x_wconf 74' lang='lat' dir='ltr'><strong>&#39;Pu</strong></span> <span class='ocrx_word' id='word_1_30' title='bbox 980 1071 1158 1150; x_wconf 87' lang='lat' dir='ltr'><strong>potes</strong></span> <span class='ocrx_word' id='word_1_31' title='bbox 1199 1063 1397 1145; x_wconf 81' lang='lat' dir='ltr'><strong>tigres</strong></span> <span class='ocrx_word' id='word_1_32' title='bbox 1440 1061 1818 1143; x_wconf 87' lang='lat' dir='ltr'><strong>eomitesque</strong></span> <span class='ocrx_word' id='word_1_33' title='bbox 1859 1061 2055 1126; x_wconf 85' lang='lat' dir='ltr'><strong>silvas</strong></span> 
     </span>
    </p>

    <p class='ocr_par' dir='ltr' id='par_1_14' title="bbox 835 1157 1979 1237">
     <span class='ocr_line' id='line_1_15' title="bbox 835 1157 1979 1237; baseline -0.008 -7"><span class='ocrx_word' id='word_1_34' title='bbox 835 1166 1086 1230; x_wconf 83' lang='lat' dir='ltr'><strong>Dueere</strong></span> <span class='ocrx_word' id='word_1_35' title='bbox 1128 1167 1193 1227; x_wconf 88' lang='lat' dir='ltr'><strong>et</strong></span> <span class='ocrx_word' id='word_1_36' title='bbox 1229 1160 1400 1225; x_wconf 84' lang='lat' dir='ltr'><strong>rivos</strong></span> <span class='ocrx_word' id='word_1_37' title='bbox 1442 1157 1675 1225; x_wconf 80' lang='lat' dir='ltr'><strong>celeres</strong></span> <span class='ocrx_word' id='word_1_38' title='bbox 1717 1158 1979 1237; x_wconf 80' lang='lat' dir='ltr'><strong>morari3</strong></span> 
     </span>
    </p>

    <p class='ocr_par' dir='ltr' id='par_1_15' title="bbox 833 1254 1975 1424">
     <span class='ocr_line' id='line_1_16' title="bbox 833 1254 1975 1329; baseline -0.008 0"><span class='ocrx_word' id='word_1_39' title='bbox 833 1262 1039 1329; x_wconf 81' lang='lat' dir='ltr'><strong>Cessit</strong></span> <span class='ocrx_word' id='word_1_40' title='bbox 1077 1261 1242 1325; x_wconf 88' lang='lat' dir='ltr'><strong>imae</strong></span> <span class='ocrx_word' id='word_1_41' title='bbox 1284 1265 1429 1322; x_wconf 82' lang='lat' dir='ltr'><strong>trux</strong></span> <span class='ocrx_word' id='word_1_42' title='bbox 1470 1256 1584 1321; x_wconf 87' lang='lat' dir='ltr'><strong>tibi</strong></span> <span class='ocrx_word' id='word_1_43' title='bbox 1626 1254 1975 1323; x_wconf 83' lang='lat' dir='ltr'><strong>blandienti</strong></span> 
     </span>
     <span class='ocr_line' id='line_1_17' title="bbox 1013 1354 1501 1424; baseline -0.012 -1"><span class='ocrx_word' id='word_1_44' title='bbox 1013 1358 1054 1424; x_wconf 84' lang='lat' dir='ltr'><strong>J</strong></span> <span class='ocrx_word' id='word_1_45' title='bbox 1057 1358 1258 1421; x_wconf 73' lang='lat' dir='ltr'><strong>anitor&#39;</strong></span> <span class='ocrx_word' id='word_1_46' title='bbox 1301 1354 1501 1418; x_wconf 86' lang='lat' dir='ltr'><strong>aulae.</strong></span> 
     </span>
    </p>
   </div>
   <div class='ocr_carea' id='block_1_12' title="bbox 832 1534 2206 1914">
    <p class='ocr_par' dir='ltr' id='par_1_16' title="bbox 832 1534 2206 1815">
     <span class='ocr_line' id='line_1_18' title="bbox 832 1534 2206 1619; baseline -0.007 -11"><span class='ocrx_word' id='word_1_47' title='bbox 832 1543 956 1609; x_wconf 82' lang='lat' dir='ltr'><strong>Cor</strong></span> <span class='ocrx_word' id='word_1_48' title='bbox 997 1542 1180 1619; x_wconf 91' lang='lat' dir='ltr'><strong>bene,</strong></span> <span class='ocrx_word' id='word_1_49' title='bbox 1223 1558 1328 1616; x_wconf 78' lang='lat' dir='ltr'><strong>en,</strong></span> <span class='ocrx_word' id='word_1_50' title='bbox 1366 1537 1652 1618; x_wconf 85' lang='lat' dir='ltr'><strong>quamvis</strong></span> <span class='ocrx_word' id='word_1_51' title='bbox 1693 1534 1916 1600; x_wconf 86' lang='lat' dir='ltr'><strong>furiale</strong></span> <span class='ocrx_word' id='word_1_52' title='bbox 1956 1540 2206 1600; x_wconf 87' lang='lat' dir='ltr'><strong>eentum</strong></span> 
     </span>
     <span class='ocr_line' id='line_1_19' title="bbox 832 1632 2126 1719; baseline -0.009 -14"><span class='ocrx_word' id='word_1_53' title='bbox 832 1640 1123 1705; x_wconf 87' lang='lat' dir='ltr'><strong>Muniant</strong></span> <span class='ocrx_word' id='word_1_54' title='bbox 1163 1655 1429 1718; x_wconf 84' lang='lat' dir='ltr'><strong>angues,</strong></span> <span class='ocrx_word' id='word_1_55' title='bbox 1471 1635 1646 1719; x_wconf 82' lang='lat' dir='ltr'><strong>capis</strong></span> <span class='ocrx_word' id='word_1_56' title='bbox 1688 1632 2001 1717; x_wconf 88' lang='lat' dir='ltr'><strong>ejulatque</strong></span> <span class='ocrx_word' id='word_1_57' title='bbox 2043 1650 2126 1697; x_wconf 82' lang='lat' dir='ltr'><strong>ex</strong></span> 
     </span>
     <span class='ocr_line' id='line_1_20' title="bbox 833 1734 1913 1815; baseline -0.006 -13"><span class='ocrx_word' id='word_1_58' title='bbox 833 1737 1048 1802; x_wconf 89' lang='lat' dir='ltr'><strong>Sibilis</strong></span> <span class='ocrx_word' id='word_1_59' title='bbox 1090 1741 1282 1800; x_wconf 86' lang='lat' dir='ltr'><strong>tortor</strong></span> <span class='ocrx_word' id='word_1_60' title='bbox 1324 1734 1655 1815; x_wconf 86' lang='lat' dir='ltr'><strong>saniesque</strong></span> <span class='ocrx_word' id='word_1_61' title='bbox 1696 1736 1913 1798; x_wconf 82' lang='lat' dir='ltr'><strong>manat</strong></span> 
     </span>
    </p>

    <p class='ocr_par' dir='ltr' id='par_1_17' title="bbox 1013 1830 1484 1914">
     <span class='ocr_line' id='line_1_21' title="bbox 1013 1830 1484 1914; baseline -0.006 -16"><span class='ocrx_word' id='word_1_62' title='bbox 1013 1832 1141 1898; x_wconf 89' lang='lat' dir='ltr'><strong>Ore</strong></span> <span class='ocrx_word' id='word_1_63' title='bbox 1180 1830 1484 1914; x_wconf 85' lang='lat' dir='ltr'><strong>trilingui.</strong></span> 
     </span>
    </p>
   </div>
   <div class='ocr_carea' id='block_1_13' title="bbox 831 2010 1991 2375">
    <p class='ocr_par' dir='ltr' id='par_1_18' title="bbox 833 2010 1934 2094">
     <span class='ocr_line' id='line_1_22' title="bbox 833 2010 1934 2094; baseline -0.007 -13"><span class='ocrx_word' id='word_1_64' title='bbox 833 2017 1002 2093; x_wconf 83' lang='lat' dir='ltr'><strong>Quin</strong></span> <span class='ocrx_word' id='word_1_65' title='bbox 1046 2020 1108 2079; x_wconf 91' lang='lat' dir='ltr'><strong>et</strong></span> <span class='ocrx_word' id='word_1_66' title='bbox 1148 2012 1326 2077; x_wconf 86' lang='lat' dir='ltr'><strong>Ixion</strong></span> <span class='ocrx_word' id='word_1_67' title='bbox 1372 2012 1716 2094; x_wconf 84' lang='lat' dir='ltr'><strong>Tityosque</strong></span> <span class='ocrx_word' id='word_1_68' title='bbox 1755 2010 1934 2075; x_wconf 74' lang='lat' dir='ltr'><strong>vultu</strong></span> 
     </span>
    </p>

    <p class='ocr_par' dir='ltr' id='par_1_19' title="bbox 831 2106 1977 2191">
     <span class='ocr_line' id='line_1_23' title="bbox 831 2106 1977 2191; baseline -0.006 -13"><span class='ocrx_word' id='word_1_69' title='bbox 831 2114 996 2179; x_wconf 88' lang='lat' dir='ltr'><strong>Risit</strong></span> <span class='ocrx_word' id='word_1_70' title='bbox 1034 2112 1261 2191; x_wconf 84' lang='lat' dir='ltr'><strong>invito3</strong></span> <span class='ocrx_word' id='word_1_71' title='bbox 1309 2110 1481 2173; x_wconf 88' lang='lat' dir='ltr'><strong>stetit</strong></span> <span class='ocrx_word' id='word_1_72' title='bbox 1519 2127 1684 2172; x_wconf 84' lang='lat' dir='ltr'><strong>urna</strong></span> <span class='ocrx_word' id='word_1_73' title='bbox 1723 2106 1977 2191; x_wconf 88' lang='lat' dir='ltr'><strong>paulum</strong></span> 
     </span>
    </p>

    <p class='ocr_par' dir='ltr' id='par_1_20' title="bbox 839 2204 1991 2375">
     <span class='ocr_line' id='line_1_24' title="bbox 839 2204 1991 2290; baseline -0.006 -13"><span class='ocrx_word' id='word_1_74' title='bbox 839 2211 1041 2289; x_wconf 83' lang='lat' dir='ltr'><strong>Sieea,</strong></span> <span class='ocrx_word' id='word_1_75' title='bbox 1083 2210 1232 2274; x_wconf 89' lang='lat' dir='ltr'><strong>dum</strong></span> <span class='ocrx_word' id='word_1_76' title='bbox 1274 2213 1458 2290; x_wconf 88' lang='lat' dir='ltr'><strong>grato</strong></span> <span class='ocrx_word' id='word_1_77' title='bbox 1500 2205 1709 2271; x_wconf 87' lang='lat' dir='ltr'><strong>Danai</strong></span> <span class='ocrx_word' id='word_1_78' title='bbox 1747 2204 1991 2289; x_wconf 87' lang='lat' dir='ltr'><strong>puellas</strong></span> 
     </span>
     <span class='ocr_line' id='line_1_25' title="bbox 1012 2305 1599 2375; baseline -0.014 1"><span class='ocrx_word' id='word_1_79' title='bbox 1012 2308 1306 2375; x_wconf 84' lang='lat' dir='ltr'><strong>Carmine</strong></span> <span class='ocrx_word' id='word_1_80' title='bbox 1346 2305 1599 2369; x_wconf 77' lang='lat' dir='ltr'><strong>mulces.</strong></span> 
     </span>
    </p>
   </div>
   <div class='ocr_carea' id='block_1_14' title="bbox 827 2483 2252 2864">
    <p class='ocr_par' dir='ltr' id='par_1_21' title="bbox 827 2483 2252 2765">
     <span class='ocr_line' id='line_1_26' title="bbox 829 2483 1957 2574; baseline -0.012 -16"><span class='ocrx_word' id='word_1_81' title='bbox 829 2491 1065 2558; x_wconf 87' lang='lat' dir='ltr'><strong>Audiat</strong></span> <span class='ocrx_word' id='word_1_82' title='bbox 1107 2489 1289 2574; x_wconf 84' lang='lat' dir='ltr'><strong>Lyde</strong></span> <span class='ocrx_word' id='word_1_83' title='bbox 1331 2486 1555 2565; x_wconf 77' lang='lat' dir='ltr'><strong>scelus,</strong></span> <span class='ocrx_word' id='word_1_84' title='bbox 1594 2483 1764 2548; x_wconf 89' lang='lat' dir='ltr'><strong>unde</strong></span> <span class='ocrx_word' id='word_1_85' title='bbox 1804 2489 1957 2548; x_wconf 87' lang='lat' dir='ltr'><strong>nata</strong></span> 
     </span>
     <span class='ocr_line' id='line_1_27' title="bbox 827 2578 2252 2671; baseline -0.008 -16"><span class='ocrx_word' id='word_1_86' title='bbox 827 2590 1168 2671; x_wconf 89' lang='lat' dir='ltr'><strong>Virginum</strong></span> <span class='ocrx_word' id='word_1_87' title='bbox 1210 2605 1413 2670; x_wconf 83' lang='lat' dir='ltr'><strong>poena</strong></span> <span class='ocrx_word' id='word_1_88' title='bbox 1455 2590 1572 2663; x_wconf 87' lang='lat' dir='ltr'><strong>est,</strong></span> <span class='ocrx_word' id='word_1_89' title='bbox 1613 2590 1680 2646; x_wconf 90' lang='lat' dir='ltr'><strong>ut</strong></span> <span class='ocrx_word' id='word_1_90' title='bbox 1721 2580 1910 2645; x_wconf 91' lang='lat' dir='ltr'><strong>inane</strong></span> <span class='ocrx_word' id='word_1_91' title='bbox 1953 2578 2252 2663; x_wconf 83' lang='lat' dir='ltr'><strong>lymphae</strong></span> 
     </span>
     <span class='ocr_line' id='line_1_28' title="bbox 830 2677 1923 2765; baseline -0.008 -14"><span class='ocrx_word' id='word_1_92' title='bbox 830 2687 1083 2751; x_wconf 91' lang='lat' dir='ltr'><strong>Dolium</strong></span> <span class='ocrx_word' id='word_1_93' title='bbox 1123 2683 1317 2749; x_wconf 88' lang='lat' dir='ltr'><strong>fundo</strong></span> <span class='ocrx_word' id='word_1_94' title='bbox 1358 2679 1679 2765; x_wconf 87' lang='lat' dir='ltr'><strong>pereuntis</strong></span> <span class='ocrx_word' id='word_1_95' title='bbox 1720 2677 1923 2743; x_wconf 90' lang='lat' dir='ltr'><strong>omnis</strong></span> 
     </span>
    </p>

    <p class='ocr_par' dir='ltr' id='par_1_22' title="bbox 1012 2776 1470 2864">
     <span class='ocr_line' id='line_1_29' title="bbox 1012 2776 1470 2864; baseline -0.004 -17"><span class='ocrx_word' id='word_1_96' title='bbox 1012 2782 1294 2864; x_wconf 88' lang='lat' dir='ltr'><strong>Seraque</strong></span> <span class='ocrx_word' id='word_1_97' title='bbox 1334 2776 1470 2845; x_wconf 86' lang='lat' dir='ltr'><strong>fata</strong></span> 
     </span>
    </p>
   </div>
   <div class='ocr_carea' id='block_1_15' title="bbox 826 2951 2446 3324">
    <p class='ocr_par' dir='ltr' id='par_1_23' title="bbox 826 2951 2446 3244">
     <span class='ocr_line' id='line_1_30' title="bbox 828 2951 2446 3042; baseline -0.01 -12"><span class='ocrx_word' id='word_1_98' title='bbox 828 2963 1032 3042; x_wconf 83' lang='lat' dir='ltr'><strong>Quam</strong></span> <span class='ocrx_word' id='word_1_99' title='bbox 1074 2969 1331 3027; x_wconf 88' lang='lat' dir='ltr'><strong>manent</strong></span> <span class='ocrx_word' id='word_1_100' title='bbox 1372 2960 1620 3042; x_wconf 84' lang='lat' dir='ltr'><strong>eulpam</strong></span> <span class='ocrx_word' id='word_1_101' title='bbox 1660 2956 1865 3039; x_wconf 84' lang='lat' dir='ltr'><strong>fugiat</strong></span> <span class='ocrx_word' id='word_1_102' title='bbox 1906 2953 2020 3019; x_wconf 88' lang='lat' dir='ltr'><strong>sub</strong></span> <span class='ocrx_word' id='word_1_103' title='bbox 2063 2952 2226 3018; x_wconf 88' lang='lat' dir='ltr'><strong>Oreo</strong></span> <span class='ocrx_word' id='word_1_104' title='bbox 2272 2951 2446 3019; x_wconf 85' lang='lat' dir='ltr'><strong>haee.</strong></span> 
     </span>
     <span class='ocr_line' id='line_1_31' title="bbox 826 3051 2443 3147; baseline -0.009 -19"><span class='ocrx_word' id='word_1_105' title='bbox 826 3062 1067 3147; x_wconf 88' lang='lat' dir='ltr'><strong>Impiae</strong></span> <span class='ocrx_word' id='word_1_106' title='bbox 1108 3097 1187 3108; x_wconf 77' lang='lat'><strong>-</strong></span> <span class='ocrx_word' id='word_1_107' title='bbox 1224 3078 1373 3124; x_wconf 90' lang='lat' dir='ltr'><strong>nam</strong></span> <span class='ocrx_word' id='word_1_108' title='bbox 1415 3056 1566 3141; x_wconf 92' lang='lat' dir='ltr'><strong>quid</strong></span> <span class='ocrx_word' id='word_1_109' title='bbox 1607 3056 1777 3139; x_wconf 90' lang='lat' dir='ltr'><strong>pium</strong></span> <span class='ocrx_word' id='word_1_110' title='bbox 1821 3071 2032 3118; x_wconf 88' lang='lat' dir='ltr'><strong>amore</strong></span> <span class='ocrx_word' id='word_1_111' title='bbox 2075 3051 2317 3135; x_wconf 76' lang='lat' dir='ltr'><strong>maJus?</strong></span> <span class='ocrx_word' id='word_1_112' title='bbox 2362 3086 2443 3098; x_wconf 95' lang='lat'>—</span> 
     </span>
     <span class='ocr_line' id='line_1_32' title="bbox 828 3153 1864 3244; baseline -0.007 -21"><span class='ocrx_word' id='word_1_113' title='bbox 828 3161 1065 3244; x_wconf 87' lang='lat' dir='ltr'><strong>Impiae</strong></span> <span class='ocrx_word' id='word_1_114' title='bbox 1105 3176 1367 3243; x_wconf 89' lang='lat' dir='ltr'><strong>sponsos</strong></span> <span class='ocrx_word' id='word_1_115' title='bbox 1406 3162 1666 3241; x_wconf 88' lang='lat' dir='ltr'><strong>potuere</strong></span> <span class='ocrx_word' id='word_1_116' title='bbox 1706 3153 1864 3218; x_wconf 89' lang='lat' dir='ltr'><strong>dura</strong></span> 
     </span>
    </p>

    <p class='ocr_par' dir='ltr' id='par_1_24' title="bbox 955 3251 1576 3324">
     <span class='ocr_line' id='line_1_33' title="bbox 955 3251 1576 3324; baseline -0.016 1"><span class='ocrx_word' id='word_1_117' title='bbox 955 3258 960 3263; x_wconf 81' lang='grc'><em>’</em></span> <span class='ocrx_word' id='word_1_118' title='bbox 1006 3256 1281 3324; x_wconf 88' lang='lat' dir='ltr'><strong>Perdere</strong></span> <span class='ocrx_word' id='word_1_119' title='bbox 1323 3251 1576 3318; x_wconf 78' lang='lat' dir='ltr'><strong>fraude!</strong></span> 
     </span>
    </p>
   </div>
   <div class='ocr_carea' id='block_1_16' title="bbox 827 3429 2146 3802">
    <p class='ocr_par' dir='ltr' id='par_1_25' title="bbox 829 3429 1827 3513">
     <span class='ocr_line' id='line_1_34' title="bbox 829 3429 1827 3513; baseline -0.013 -9"><span class='ocrx_word' id='word_1_120' title='bbox 829 3437 971 3504; x_wconf 86' lang='lat' dir='ltr'><strong>Una</strong></span> <span class='ocrx_word' id='word_1_121' title='bbox 1012 3438 1095 3502; x_wconf 91' lang='lat' dir='ltr'><strong>de</strong></span> <span class='ocrx_word' id='word_1_122' title='bbox 1135 3435 1344 3500; x_wconf 87' lang='lat' dir='ltr'><strong>multis</strong></span> <span class='ocrx_word' id='word_1_123' title='bbox 1386 3432 1524 3496; x_wconf 86' lang='lat' dir='ltr'><strong>faee</strong></span> <span class='ocrx_word' id='word_1_124' title='bbox 1565 3429 1827 3513; x_wconf 89' lang='lat' dir='ltr'><strong>nuptiali</strong></span> 
     </span>
    </p>

    <p class='ocr_par' dir='ltr' id='par_1_26' title="bbox 828 3528 2036 3619">
     <span class='ocr_line' id='line_1_35' title="bbox 828 3528 2036 3619; baseline -0.012 -17"><span class='ocrx_word' id='word_1_125' title='bbox 828 3538 1045 3619; x_wconf 85' lang='lat' dir='ltr'><strong>Digna</strong></span> <span class='ocrx_word' id='word_1_126' title='bbox 1084 3532 1402 3616; x_wconf 71' lang='lat' dir='ltr'><strong>perjurum</strong></span> <span class='ocrx_word' id='word_1_127' title='bbox 1442 3528 1562 3592; x_wconf 86' lang='lat' dir='ltr'><strong>fuit</strong></span> <span class='ocrx_word' id='word_1_128' title='bbox 1605 3528 1670 3591; x_wconf 90' lang='lat' dir='ltr'><strong>in</strong></span> <span class='ocrx_word' id='word_1_129' title='bbox 1710 3533 2036 3611; x_wconf 89' lang='lat' dir='ltr'><strong>parentem</strong></span> 
     </span>
    </p>

    <p class='ocr_par' dir='ltr' id='par_1_27' title="bbox 827 3622 2146 3802">
     <span class='ocr_line' id='line_1_36' title="bbox 827 3622 2146 3717; baseline -0.01 -18"><span class='ocrx_word' id='word_1_130' title='bbox 827 3629 1169 3717; x_wconf 87' lang='lat' dir='ltr'><strong>Splendide</strong></span> <span class='ocrx_word' id='word_1_131' title='bbox 1210 3628 1483 3692; x_wconf 85' lang='lat' dir='ltr'><strong>mendax</strong></span> <span class='ocrx_word' id='word_1_132' title='bbox 1525 3633 1587 3692; x_wconf 92' lang='lat' dir='ltr'><strong>et</strong></span> <span class='ocrx_word' id='word_1_133' title='bbox 1629 3626 1695 3690; x_wconf 91' lang='lat' dir='ltr'><strong>in</strong></span> <span class='ocrx_word' id='word_1_134' title='bbox 1737 3643 1921 3689; x_wconf 91' lang='lat' dir='ltr'><strong>omne</strong></span> <span class='ocrx_word' id='word_1_135' title='bbox 1961 3622 2146 3704; x_wconf 85' lang='lat' dir='ltr'><strong>virgo</strong></span> 
     </span>
     <span class='ocr_line' id='line_1_37' title="bbox 1001 3724 1542 3802; baseline -0.007 -9"><span class='ocrx_word' id='word_1_136' title='bbox 1001 3724 1243 3793; x_wconf 86' lang='lat' dir='ltr'><strong>Nobilis</strong></span> <span class='ocrx_word' id='word_1_137' title='bbox 1284 3744 1542 3802; x_wconf 81' lang='lat' dir='ltr'><strong>aevum,</strong></span> 
     </span>
    </p>
   </div>
  </div>
 </body>
</html>
