2946 4583
587 1335 667 1397 12

575 1804 654 1863 16

531 3688 608 3747 12

1387 398 1544 465 LIB.
1588 402 1638 482 1,
1682 408 1781 469 34.

891 573 1220 655 Ingentem
1261 580 1433 643 tenui
1473 580 1683 648 fronte
1723 583 2042 668 Lycorida

890 670 1045 752 Cyri
1086 680 1279 740 torret
1318 695 1512 756 amor,
1555 678 1760 763 Cyrus
1802 682 1868 745 in
1909 703 1981 750 os
2024 687 2188 770 perit

889 766 1229 837 Declinans
1269 773 1563 854 Pholoes3
1606 777 1718 840 sed
1759 779 1934 862 prius
1974 783 2198 867 Apulis

1051 865 1094 931 J
1098 875 1406 951 ungentur
1448 889 1715 955 eapreae
1755 873 1942 959 lupis,

886 1042 1089 1120 Quam
1131 1048 1196 1114 in
1239 1056 1413 1116 eurto
1454 1051 1690 1118 Pholoe
1725 1064 1940 1137 peeeet
1977 1060 2279 1129 adultero.

888 1142 994 1207 Sie
1033 1145 1237 1211 visum
1277 1147 1529 1228 Veneri,
1571 1151 1670 1214 eui
1710 1151 1917 1233 plaeet
1955 1157 2229 1241 impares

884 1239 1146 1306 Formas
1183 1248 1371 1324 atque
1410 1247 1652 1311 animos
1694 1249 1810 1313 sub
1852 1252 2077 1320 Cnidio
2105 1255 2268 1340 jugo

1005 1336 1271 1421 Saeptos
1311 1341 1557 1408 mittere
1598 1363 1737 1409 eum
1777 1346 1933 1429 joeo.

873 1516 1086 1598 Ipsum
1128 1537 1230 1582 me
1268 1516 1468 1601 lyriee
1511 1540 1696 1603 quum
1738 1535 1979 1608 peteret
2020 1531 2255 1613 Venus,

874 1613 1074 1678 Grata
1115 1615 1379 1679 detinuit
1419 1618 1719 1701 compede
1759 1621 2057 1704 Myrtale,

871 1709 1208 1776 Vibratura
1247 1712 1403 1776 fides
1446 1714 1710 1795 turpius,
1751 1719 1945 1784 Afriei

1030 1804 1233 1882 Quam
1276 1808 1446 1873 venti
1492 1808 1795 1879 Calabros
1835 1816 2025 1884 sinus.

1406 2170 1710 2238 XXXIV.

1157 2314 1243 2370 DE
1279 2315 1397 2373 SUO
1433 2317 1641 2376 CULTU
1676 2322 1958 2380 DEORUM.

857 2421 1126 2527 Parcus
1167 2460 1424 2525 deorum
1469 2463 1671 2529 cultor
1714 2476 1777 2532 et
1817 2470 2178 2555 infrequens

852 2554 1229 2622 Insanientis
1269 2556 1419 2622 dum
1461 2561 1809 2644 sapientiae

934 2653 1267 2718 Consultus
1309 2673 1466 2735 erro,
1509 2679 1675 2725 nune
1715 2669 2051 2731 retrorsum
2159 2747 2164 2750 Α

1012 2750 1172 2816 Vela
1212 2749 1365 2816 dare
1405 2772 1483 2819 ae
1522 2758 1696 2839 pueri
1737 2758 1834 2824 ire
1874 2780 2091 2829 cursus

847 2928 1055 3010 Cogor
1096 2931 1367 2997 relictos.
1451 2936 1739 3018 Namque
1782 2937 1969 3005 hodie
2007 2943 2215 3026 Pater,

844 3026 989 3108 Igni
1029 3046 1285 3093 eoruseo
1323 3030 1539 3097 nubila
1580 3034 1685 3112 qui
1714 3032 1898 3113 jubet

924 3125 1198 3206 Hor-are,
1239 3144 1351 3209 per
1389 3146 1611 3210 purum
1655 3134 1943 3198 tonantes

1005 3225 1159 3305 Egit
1200 3242 1390 3305 equos
1431 3225 1867 3311 volucremque
1907 3250 2155 3298 currum
2196 3235 2381 3318 hune,

835 3398 973 3476 Quo
1014 3402 1196 3466 bruta
1236 3401 1420 3467 tellus
1461 3409 1527 3467 et
1567 3425 1737 3487 vaga
1776 3409 2062 3493 flumina,

832 3495 969 3573 Quo
1011 3498 1175 3582 Styx
1216 3505 1279 3564 et
1319 3498 1507 3563 invisi
1549 3499 1801 3569 horrida
1842 3508 2115 3576 Taenari

914 3594 1112 3660 Sedes
1152 3595 1603 3680 Atlanteusque
1645 3598 1788 3665 flnis

990 3692 1374 3758 Coneutitur.
1459 3693 1645 3760 Valet
1683 3696 1812 3765 ima
1850 3702 2109 3766 summis
