2946 4583
1156 446 1311 511 LIB.
1355 447 1433 527 V,
1478 448 1574 512 17.
2172 452 2292 513 149

554 627 904 693 Inominata
944 628 1284 711 perprimat
1325 628 1582 696 cubilia!

473 726 620 804 Vos,
661 725 883 807 quibus
924 731 1020 789 est
1055 725 1272 804 virtuS‚
1315 724 1647 791 muliebres
1691 726 1888 792 tollite
1928 727 2129 793 luctus

554 824 819 887 Etrusca
861 829 1105 906 praeter
1148 828 1210 887 ct
1252 822 1461 888 volate
1504 823 1710 891 litora!
2295 832 2377 890 40

471 921 603 988 Nos
643 927 852 984 manet
895 919 1181 985 Oceanus
1226 920 1688 1003 circumvagus:
1735 923 1896 1007 heja,
1942 924 2124 988 beata

560 1020 856 1083 Petamus
897 1037 1057 1083 arva
1099 1017 1327 1082 divites
1370 1025 1432 1082 et
1472 1020 1737 1099 insulas,

478 1116 712 1182 Reddit
755 1115 861 1179 ubi
904 1115 1193 1181 Cererem
1238 1116 1420 1180 tellus
1462 1117 1709 1184 inarata
1749 1118 2078 1199 quotannis

425 1279 430 1284 ,
553 1216 639 1279 Et
678 1214 981 1296 imputata
1020 1211 1201 1277 floret
1242 1231 1436 1294 usquc
1478 1214 1680 1290 vinca,
2296 1219 2376 1279 44

471 1310 801 1377 Germinat
841 1319 906 1376 et
943 1328 1277 1390 numquam
1321 1308 1595 1373 fallentis
1639 1316 1866 1377 termes
1907 1313 2113 1378 olivae

557 1379 874 1488 Suamquss
917 1404 1089 1489 pulla
1132 1406 1284 1471 ficus
1326 1412 1508 1471 ornat
1550 1406 1855 1488 arborem,
1898 1416 1961 1473 et

461 1497 668 1571 'Mella
710 1524 869 1570 cava
911 1510 1170 1567 manant
1213 1521 1293 1566 ex
1334 1501 1496 1581 ilice,
1539 1506 1851 1570 montibus
1893 1507 2036 1572 altis

555 1603 726 1669 Pede
769 1608 837 1666 ut
876 1607 1173 1683 crepante
1209 1598 1475 1684 lympha
1518 1600 1728 1668 desilit
1768 1604 1945 1670 levis.
2304 1610 2383 1668 48

474 1704 609 1769 Illic
652 1700 926 1783 injussae
966 1698 1226 1762 veniunt
1267 1697 1350 1762 ad
1393 1698 1658 1764 mulctra
1700 1702 1999 1785 capellae,

558 1799 896 1878 Resertque
937 1796 1114 1861 'tenta
1155 1815 1314 1878 grex
1355 1797 1597 1861 amicus
1639 1799 1852 1879 ubera,

475 1901 608 1966 Nec
649 1894 1038 1978 vespertinus
1081 1893 1509 1976 circumgemit
1552 1914 1731 1960 ursus
1772 1898 1956 1978 ovile,

559 1997 777 2077 Neque
819 1997 1005 2056 uncta
1046 1993 1248 2074 pascit
1289 1993 1457 2058 alma
1500 1993 1756 2076 viperas
1799 1995 2041 2062 humus.
2304 2001 2383 2060 52

474 2094 787 2174 Pluraque
828 2090 1039 2154 felices
1082 2089 1464 2168 mirabimur,
1509 2097 1576 2154 ut
1619 2111 1820 2174 neque
1862 2094 2061 2177 largis

556 2195 845 2272 Aquosus
887 2190 1091 2251 Eurus
1132 2206 1289 2251 arva
1330 2185 1515 2249 radat
1556 2187 1878 2267 imm-ibae,

479 2289 754 2372 Pingvia
794 2304 911 2351 nec
953 2285 1133 2349 siccis
1176 2291 1431 2349 urantur
1469 2286 1717 2353 semina
1757 2289 1984 2372 glebis,

563 2390 908 2466 Utrumque
949 2404 1103 2467 rege
1143 2391 1532 2467 temperante
1574 2385 1880 2450 coelitum.
2311 2393 2391 2451 56

481 2486 669 2554 Nulla
711 2488 937 2549 nocent
978 2483 1185 2565 pecori
1230 2483 1544 2566 contagia,
1585 2483 1816 2548 nullius
1856 2486 2011 2551 astri

563 2587 844 2666 Gregem
887 2588 1177 2646 aestuosa
1218 2586 1412 2646 torret
1454 2582 1840 2665 impotentia.

480 2686 622 2751 Non
665 2683 787 2746 huc
827 2680 1041 2760 Argoo
1086 2678 1403 2743 contendit
1444 2678 1685 2761 remige
1726 2681 1931 2763 pinus,

561 2784 778 2861 Neque
819 2776 1133 2861 impudica
1175 2775 1424 2841 Colchis
1464 2777 1673 2841 intulit
1716 2777 1968 2860 pedem3
2309 2782 2392 2843 60

481 2884 622 2949 Non
666 2880 786 2943 buc
829 2874 1070 2941 Sidonii
1112 2880 1422 2940 torserunt
1464 2894 1701 2942 cornua
1745 2885 1975 2942 nautae

483 3002 484 3009 ¹
563 2975 909 3044 Laboriosa
950 2993 1067 3039 nec
1108 2973 1330 3038 cohors
1375 2973 1602 3038 Ulixei.

481 3079 770 3162 Juppiter
813 3073 922 3137 illa
964 3072 1105 3155 piae
1148 3073 1416 3135 secrevit
1457 3072 1644 3135 litora
1685 3071 1862 3152 genti

563 3178 696 3241 Nec
738 3171 1086 3252 inquinavit
1127 3188 1273 3234 aere
1314 3177 1560 3250 tempus
1602 3187 1858 3233 aureum
1905 3168 2039 3245 bic;
2312 3170 2394 3229 64

489 3276 699 3338 Aurea
739 3270 944 3335 adhuc
983 3266 1129 3331 forti
1175 3265 1464 3330 durarint
1506 3266 1738 3346 secula,
1780 3265 1955 3348 cujus

565 3370 677 3433 Pie
718 3366 950 3432 tuenda
991 3372 1138 3429 vota
1179 3365 1263 3427 mi
1303 3363 1483 3428 dabit
1524 3362 1697 3445 fuga.

1318 3547 1484 3558 ———
