2946 4583
1125 449 1281 518 LIB.
1326 441 1456 531 1V3'
1480 457 1577 517 13.

722 631 838 697 Vis
879 630 1150 696 formosa
1189 632 1392 698 videri

815 728 1133 811 Ludisque
1173 736 1250 795 et¹
1276 730 1440 796 bibis
1481 728 1813 813 impudens

638 910 723 974 Et
762 914 949 974 cantu
981 911 1250 977 'tremulo
1289 917 1438 994 pota
1478 909 1849 994 Cupidinem

532 1074 537 1080 ,
642 1005 908 1072 Lentum
952 1007 1277 1087 sollicitam
1318 1008 1425 1073 ille
1464 1009 1727 1073 virentis
1768 1017 1832 1074 et

724 1104 963 1172 Doctae
1004 1107 1275 1191 psallere
1315 1105 1514 1171 Chiae

809 1203 1096 1269 Pulchris
1138 1204 1406 1269 excubat
1446 1203 1514 1269 in
1559 1204 1758 1285 genis.

643 1398 1046 1481 Importunus
1088 1421 1277 1466 anum
1321 1400 1690 1481 transvolat,
1732 1420 1809 1467 ae
1848 1400 2017 1466 redis

643 1492 906 1574 Questa3
948 1502 1014 1561 at
1055 1497 1203 1579 quid
1246 1500 1430 1565 faciet
1470 1505 1553 1579 te,
1596 1518 1782 1581 quam
1824 1498 1914 1563 ita
1955 1496 2144 1562 luridi

724 1591 984 1675 DenteS,
1027 1603 1109 1676 te,
1151 1616 1337 1679 quam
1378 1596 1468 1660 ita
1509 1615 1709 1679 rugae

811 1691 1099 1776 Turpant
1139 1703 1203 1761 et
1243 1695 1466 1778 eapitis
1509 1693 1728 1760 nives?

646 1870 780 1935 Nee
817 1872 986 1938 Coae
1026 1873 1308 1940 referunt
1338 1874 1476 1958 jam
1521 1874 1636 1941 tibi
1677 1892 1992 1959 purpurae

643 1969 779 2036 Nec
820 1970 973 2037 olari
1014 1973 1259 2057 lapides
1301 1980 1606 2058 tempora,
1650 1991 1810 2055 quae
1853 1969 2044 2038 semel

725 2068 908 2134 Notis
948 2070 1201 2137 condita
1241 2070 1423 2138 fastis

810 2166 1073 2234 Inclusit
1113 2169 1384 2235 volueris
1426 2168 1582 2233 dies,

2166 458 2292 524 125

645 2348 782 2427 Quo
822 2347 988 2434 fugit
1027 2368 1245 2431 venus,
1287 2350 1429 2430 heu,
1470 2367 1674 2432 quove
1714 2347 1924 2414 color?
1966 2347 2197 2414 decens

645 2446 782 2525 Quo
824 2446 1068 2514 motus?
1110 2445 1276 2524 Quid
1319 2447 1517 2514 habes
1559 2445 1745 2527 illius,
1786 2443 1974 2527 illiue,

726 2542 903 2621 Quae
943 2546 1224 2629 spirabat
1262 2563 1528 2625 amoreS,

814 2640 991 2719 Quae
1032 2661 1133 2707 me
1174 2647 1504 2726 smpuerat
1541 2639 1715 2721 mihi,

642 2821 827 2889 Felix
866 2828 1009 2905 post
1050 2823 1347 2889 Cinaram
1388 2828 1662 2904 nataque
1702 2820 1787 2887 ad
1828 2820 2056 2887 artium

643 2920 985 2988 Gratarum
1019 2927 1163 3004 pote
1203 2919 1341 3000 jus?
1385 2919 1515 2985 Sed
1556 2920 1830 2986 Cinarae
1870 2920 2099 2986 breves

724 3019 943 3084 Annos
984 3017 1119 3084 fata
1159 3017 1486 3095 dederunt,

808 3116 1151 3182 Servatura
1191 3115 1300 3179 diu
1340 3131 1558 3197 parem

643 3295 926 3362 Cornicis
966 3295 1214 3360 vetulae
1253 3293 1636 3378 temporibus
1676 3293 1913 3376 Lycen,

640 3393 906 3460 Possent
948 3401 1015 3456 ut
1044 3391 1314 3474 juvenes
1356 3392 1565 3458 visere
1605 3389 1835 3458 fervidi

724 3489 919 3557 Multo
961 3508 1087 3554 non
1128 3490 1263 3556 sine
1302 3489 1432 3554 risu

810 3586 1137 3674 Dilapsam
1176 3588 1244 3654 in
1286 3587 1528 3653 eineres
1569 3584 1791 3654 facem.

2304 1693 2382 1754 12

2304 2129 2445 2230 16v

2296 3113 2380 3175 24

2292 3586 2376 3648 28
