2946 4583
647 423 728 483 ss
1326 420 1484 484 LIB.
1527 421 1640 501 111,
1683 426 1782 485 15.

763 599 949 664 Lenit
987 597 1311 663 albescens
1352 601 1594 664 animos
1637 602 1900 684 capillus

762 695 993 761 Litium
1039 702 1102 759 et
1141 696 1317 760 rixae
1357 696 1616 778 cupidos
1659 706 2016 780 protervae3

764 793 903 858 Non
946 813 1068 875 ego
1111 793 1231 857 hoc
1271 792 1499 860 ferrem
1541 795 1781 862 calidus
1821 796 2076 876 iuventa

566 892 649 953 28
932 891 1203 957 Consule
1242 890 1495 958 Planco,

1483 1193 1625 1256 XV.

1346 1338 1431 1394 AD
1471 1339 1772 1397 CHLORJM.

902 1416 1108 1523 Uxor
1150 1451 1443 1535 pauperis
1487 1453 1687 1534 Ibyci,

814 1549 1099 1615 Tandem
1142 1548 1455 1629 nequitiae
1498 1568 1709 1631 pange
1751 1549 2002 1614 modum
2045 1558 2191 1618 tuae
2231 1558 2297 1617 et

898 1646 1219 1725 Flammis,
1261 1652 1408 1728 quot
1449 1647 1748 1727 celebraS,
1789 1647 1961 1711 rube.

572 1743 612 1802 4
818 1743 1062 1809 Maturo
1102 1744 1352 1827 propior
1395 1742 1614 1808 desine
1653 1744 1859 1809 funeri

898 1842 998 1905 Tu
1040 1842 1201 1905 inter
1241 1839 1460 1904 ludere
1500 1843 1780 1924 virgines

817 1936 901 2000 Et
943 1936 1137 2001 stellis
1180 1937 1472 2003 nebulam
1517 1957 1819 2023 spargere
1861 1938 2166 2005 candidis.

898 2035 1059 2115 Non,
1101 2035 1156 2098 si
1199 2035 1348 2115 quid
1389 2036 1665 2103 Pholoe'n
1709 2037 1894 2116 satis,

570 2134 612 2193 8
820 2131 905 2196 Et
945 2137 1028 2211 te,
1069 2131 1302 2212 Chlori,
1344 2132 1539 2198 decet.
1626 2133 1793 2201 Filia
1836 2136 2066 2200 rectius

903 2229 1251 2315 Expugnat
1290 2231 1589 2314 juvenum
1631 2231 1878 2313 domos,

820 2327 1007 2392 Pulso
1049 2328 1295 2410 Thyias
1336 2329 1427 2392 uti
1471 2330 1737 2394 concita*
1756 2337 2091 2414 tympan03

903 2425 1066 2489 Nam
1107 2424 1281 2488 illam
1324 2426 1495 2508 cogit
1537 2446 1711 2491 amor
1753 2447 1953 2492 novus

577 2522 657 2585 12
821 2520 1128 2586 Lascivae
1170 2522 1434 2586 similem
1477 2521 1695 2587 ludere
1736 2541 2021 2607 capreae.

904 2618 1000 2683 Te
1040 2619 1226 2683 lanae
1267 2638 1462 2702 prope
1503 2620 1775 2685 nobilem

823 2714 1073 2779 Tonsae
1115 2713 1467 2793 Luceriam,
1510 2735 1637 2781 non
1680 2716 1956 2781 citharae
1999 2715 2224 2781 decent

906 2811 1038 2876 Nec
1078 2809 1193 2875 flos
1233 2831 1582 2896 purpureus
1623 2832 1804 2878 rosae

580 2909 660 2974 16
824 2906 957 2972 Nec
997 2908 1128 2992 poti
1171 2911 1381 2975 vetula
1421 2914 1604 2973 nocte
1644 2918 1826 2974 tenus
1867 2908 2029 2975 cadi.

1485 3207 1660 3273 XVI.

1285 3319 1372 3375 AD
1408 3319 1868 3377 MAECENATEM.

814 3416 876 3466 Ut
910 3418 1125 3470 tollatur
1169 3431 1234 3471 ea
1269 3420 1385 3482 ejus
1432 3421 1631 3485 opinio,
1670 3433 1772 3483 qua
1807 3419 2108 3482 suspicatus
2143 3423 2261 3472 erat
2293 3418 2563 3472 Horatium

714 3497 822 3558 jam
860 3500 1030 3558 magis
1068 3500 1221 3551 ditari
1257 3502 1416 3553 velle.

915 3607 1243 3713 Inclusam
1287 3647 1552 3711 Danaen
1595 3646 1787 3711 turris
1830 3653 2028 3712 aenea

913 3740 1349 3821 Robustaeque
1391 3743 1558 3808 fores
1601 3752 1663 3809 et
1703 3746 1967 3828 vigilum
2010 3762 2233 3808 canum
