2946 4583
1149 438 1319 504 ΜΒ·
1350 441 1400 518 1,
1445 445 1541 504 15.
1595 528 1598 531 Ι
2190 450 2267 510 17

573 619 718 682 Vim
758 618 988 684 durare
1027 620 1306 699 carinae,

651 716 859 782 Poscit
900 733 1060 797 quae
1100 715 1493 798 imperiosius
2312 732 2352 788 8

567 900 836 979 Aequor,
879 916 1004 961 non
1048 896 1161 962 tibi
1204 906 1350 962 sunt
1389 899 1642 982 integra
1681 902 1904 982 lintea,

562 996 704 1061 Non
747 994 833 1073 di,
873 1013 1029 1075 quos
1069 994 1292 1058 iterum
1335 1014 1556 1077 pressa
1598 1017 1783 1064 voces
1827 1000 2014 1067 malo.

646 1091 947 1167 Quamvis
988 1091 1248 1156 Pontica
1291 1092 1503 1174 pinus,
2027 1129 2060 1167 ρ

735 1188 948 1254 Silvae
988 1187 1118 1252 filia
1159 1187 1431 1271 nobilis,
2279 1199 2351 1258 12

560 1368 773 1433 Jactes
814 1374 906 1431 tot
946 1366 1201 1448 generis
1242 1366 1497 1447 lumina,
1541 1388 1707 1433 nunc
1748 1389 1929 1436 cave:

566 1463 673 1531 Nil
715 1465 898 1546 pictis
941 1463 1193 1527 mutilus
1236 1463 1451 1528 navita
1493 1466 1807 1549 puppibus

653 1560 852 1626 Fidit:
894 1567 981 1638 tn,
1022 1559 1145 1623 nisi
1187 1561 1391 1625 ventis

724 1658 968 1735 Deeris‚
1012 1655 1346 1722 ludibrium
1390 1658 1593 1722 dabis.
2274 1666 2350 1724 16

556 1839 767 1920 Nuper
808 1835 1184 1919 supplicium
1226 1856 1261 1901 e
1304 1856 1428 1919 qua
1471 1837 1623 1902 mihi
1667 1837 1965 1918 debitum,

555 1928 735 1998 Nunc
773 1931 1001 1997 reddes
1042 1933 1209 1997 socio
1258 1951 1497 1997 curam:
1547 1935 1652 1999 ubi
1693 1937 1780 2000 mi
1819 1936 1930 2000 illa
1971 1939 2068 2000 vis

640 2031 809 2094 Inter
847 2036 989 2093 tusa
1029 2029 1283 2094 nitentis

720 2127 962 2191 Victrix
1003 2145 1275 2209 aequora
1316 2127 1656 2209 cycladis?
2270 2129 2352 2189 20

1248 2290 1405 2301 Ἥ

1287 2403 1426 2469 XV.

700 2583 893 2641 NEREI
928 2581 1303 2642 VATIGINIUM
1339 2585 1423 2642 DE
1459 2582 1723 2643 Excmlo
1759 2584 2020 2642 TROJAE.

549 2716 700 2767 Tecte
737 2716 1065 2777 significatur
1099 2718 1328 2768 conditio
1348 2719 1555 2770 Antonii
1591 2722 1644 2770 et
1678 2720 1992 2779 Cleopatrae
2013 2723 2134 2780 post
2157 2718 2340 2780 fugam

548 2808 615 2848 ex
650 2809 827 2860 pugna
860 2797 1094 2848 Actiaca.

546 2906 798 3012 Pastor
840 2960 981 3007 cum
1024 2942 1241 3007 trabea
1283 2960 1395 3025 per
1437 2940 1606 3006 freta
1647 2939 1915 3006 navibus

545 3040 754 3105 IdaeIs
795 3039 1077 3103 Helenen
1120 3039 1365 3122 perfida
1406 3038 1724 3120 sospitans

543 3137 804 3219 Ingrato
845 3135 1078 3199 celeres
1120 3135 1405 3217 repperit
1447 3134 1576 3198 otio

623 3233 879 3311 Ventos,
920 3238 985 3296 et
1025 3232 1249 3295 cecinit
1291 3230 1424 3294 fere
1613 3253 1616 3258 ·
2297 3232 2336 3288 4

542 3413 784 3478 Nereus
825 3409 983 3477 fata:
1029 3410 1227 3475 ”Mala
1242 3445 1251 3468 .-
1267 3410 1446 3475 ducis
1488 3408 1916 3485 avidomum,

543 3507 750 3584 Quam
793 3510 985 3573 multo
1027 3515 1268 3592 repetet
1310 3508 1583 3573 Graecia
1625 3507 1840 3582 milite,

542 3604 884 3687 Conjurata
925 3611 1079 3672 tuas
1108 3623 1401 3688 rumpere
1441 3604 1696 3687 nuptias
2119 3677 2124 3684 ¹

631 3704 715 3767 Et
754 3720 1021 3790 regnum
1038 3755 1043 3764 .
1060 3702 1296 3768 Priami
1337 3707 1536 3766 vetus.
2298 3699 2336 3756 8

612 3835 862 3884 Horatius
898 3834 978 3888 ed.
1016 3815 1334 3897 Ljunqbcrq.
1801 3882 1809 3887 ,
2031 3829 2062 3876 2
