2946 4583
661 440 775 500 150
1166 406 1174 413 ’
1345 449 1503 517 mn.
1549 452 1624 533 v,
1670 456 1764 519 17.
1797 443 1801 448 ’

1475 702 1661 767 XVII

1347 846 1433 902 AD
1472 848 1797 906 GANlnlAM.

1353 996 1770 1045 HORATIUS.

820 1062 988 1169 Jam
1021 1102 1154 1185 jam
1199 1106 1436 1174 efficaci
1481 1111 1560 1175 do
1604 1133 1825 1179 manus
1869 1117 2184 1199 scientiae,

816 1204 1094 1286 Supplex
1138 1196 1200 1269 et
1242 1226 1349 1270 oro
1393 1228 1591 1291 regna
1636 1232 1748 1294 per
1790 1214 2206 1300 Proserpinae

813 1300 935 1363 Per
978 1308 1040 1365 et
1085 1302 1326 1368 Dianae
1367 1312 1495 1370 tam
1542 1309 1816 1375 verenda
1861 1315 2116 1380 numina

568 1398 607 1457 4
813 1397 934 1462 Per
976 1405 1161 1481 atque
1200 1402 1389 1467 libros
1432 1406 1774 1470 carminum
1819 1410 2158 1477 valentium

812 1496 1033 1560 Refixa
1075 1497 1246 1562 coelo
1285 1500 1595 1566 devocare
1636 1505 1865 1585 sidera,

814 1592 1099 1673 Canidia,
1142 1615 1332 1678 parce
1374 1599 1630 1665 vocibus
1672 1604 1926 1667 tandem
1968 1610 2164 1673 sacris

813 1691 1139 1774 Citumque
1184 1702 1345 1758 retro
1388 1694 1637 1762 solvens
1679 1700 1863 1767 volve
1903 1706 2241 1771 turbinem!

563 1793 603 1850 8
813 1790 1009 1854 Movit
1050 1799 1335 1874 nepotem
1378 1793 1695 1877 Telephus
1736 1799 2050 1881 Nereium‚

808 1888 881 1950 In
925 1907 1104 1967 quem
1149 1890 1454 1970 superbus
1498 1892 1818 1959 ordinarat
1858 1900 2118 1980 agmina

808 1984 1132 2066 Mysorum
1174 1993 1237 2051 et
1279 1986 1345 2050 in
1387 2007 1567 2068 quem
1614 1994 1738 2056 tela
1782 2001 1963 2059 acuta
2005 2002 2286 2065 torserat.

806 2082 1059 2147 Unxere
1101 2090 1405 2148 mortuum
1448 2086 1622 2151 illum
1665 2095 1726 2152 et
1768 2091 2083 2159 addictum
2126 2095 2275 2161 seris

564 2183 642 2243 12
806 2181 1088 2246 Ancillae
1131 2181 1437 2263 herusque
1488 2187 1674 2250 cessit
1716 2187 2091 2257 homicidam
2134 2196 2484 2277 Hectorem,

805 2280 1137 2361 Postquam
1183 2279 1413 2344 relictis
1455 2285 1779 2351 moenibus
1823 2310 1936 2355 rex
1977 2295 2252 2375 procidit

806 2377 995 2441 Haud
1037 2378 1379 2460 pervicacis
1421 2380 1505 2444 ad
1547 2383 1739 2466 pedes
1780 2388 2064 2454 Achillei.

805 2475 1024 2541 Setosa
1068 2477 1241 2542 duris
1285 2496 1513 2544 exuere
1555 2482 1819 2564 pellibus

558 2574 639 2634 16
804 2571 1126 2639 Laboriosi
1165 2576 1439 2658 remiges
1481 2578 1687 2645 Ulixei

801 2670 1063 2737 Volente
1104 2674 1286 2739 Circa
1329 2675 1636 2758 membra3
1678 2685 1826 2744 tunc
1866 2699 2042 2744 mens
2084 2689 2146 2747 et
2188 2701 2377 2747 sonus

801 2767 1110 2852 Relapsus
1151 2776 1339 2853 atque
1380 2781 1564 2840 notus
1606 2778 1672 2841 in
1713 2777 1922 2843 vultus
1966 2780 2177 2843 honor.

803 2866 966 2932 Dedi
1009 2870 1161 2933 satis
1206 2888 1513 2954 superque
1554 2893 1894 2956 poenarum
1937 2876 2071 2956 tibi,

552 2965 634 3025 20
802 2962 977 3038 Quae
1021 2979 1230 3031 amata
1270 2968 1469 3033 nactis
1513 2971 1802 3037 mulctam
1848 2993 1914 3038 es
1957 2975 2360 3040 institoribus.

799 3062 992 3144 Fugit
1023 3062 1337 3145 juventas,
1380 3073 1441 3131 et
1484 3070 1603 3134 viri
1646 3078 1902 3136 cunctus
1945 3073 2112 3137 calor

800 3158 1073 3242 Reliquit
1115 3182 1255 3227 ossa
1300 3160 1461 3246 pelle
1504 3169 1732 3232 amicta¹
1775 3170 2007 3248 lurida;

730 3308 748 3327 .,
799 3258 951 3320 Tuis
994 3260 1253 3340 capillus
1295 3261 1475 3327 albus
1517 3271 1612 3329 est
1654 3265 1963 3332 odoribus.

550 3354 631 3415 24
797 3355 1048 3420 Nullum
1091 3357 1173 3421 ab
1216 3357 1428 3423 labore
1471 3381 1571 3426 me
1613 3364 1871 3428 reclinat
1912 3366 2134 3444 otium3

795 3450 994 3534 Urget
1037 3453 1202 3519 diem
1246 3476 1369 3519 nox
1414 3464 1476 3522 et
1519 3457 1654 3524 dies
1696 3468 1958 3540 noctem,
2001 3482 2204 3544 neque
2245 3471 2340 3528 est

795 3548 1041 3615 chare
1084 3559 1255 3616 tenta
1296 3555 1518 3635 spiritu
1560 3558 1941 3638 praecordia.

794 3647 968 3729 Ergo
1009 3657 1307 3732 negatum
1350 3653 1565 3718 vincor
1607 3661 1676 3720 ut
1715 3655 1966 3721 credam
2009 3657 2216 3734 miser,

549 3745 628 3804 28
784 3743 1048 3812 Sabella
1091 3756 1304 3830 pectus
1348 3752 1675 3835 increpare
1716 3756 1992 3820 carmina
