2946 4583
557 893 641 953 20

556 1361 639 1424 24

551 3254 632 3314 12

548 3730 627 3790 16

1336 412 1495 480 LIB.
1539 415 1622 493 11,
1667 417 1765 477 10.

852 594 1119 661 Flevere
1158 611 1423 677 semper.
1509 590 1743 657 Desine
1784 591 2058 657 mollium
2145 613 2153 633 ²

853 691 1139 757 Tandem
1181 689 1596 773 querelarum,
1641 693 1704 752 et
1742 688 1949 770 potius
1989 707 2155 756 nova

936 789 1273 853 Cantemus
1316 785 1586 867 Augusti
1626 789 1884 866 tropaea

1020 886 1312 951 Caesaris
1354 892 1417 949 et
1459 882 1736 966 rigidum
1776 880 2114 965 Niphaten,

852 1065 1226 1148 Medumque
1263 1064 1495 1130 flumen
1539 1062 1830 1147 gentibue
1873 1060 2155 1126 additum

854 1163 1053 1228 Vietis
1093 1164 1363 1228 minores
1404 1161 1659 1226 volvere
1698 1159 1996 1237 vertices,

852 1261 1146 1341 Intraque
1187 1259 1638 1343 praescriptum
1681 1256 1957 1320 Gelonos

1018 1357 1285 1439 Exiguis
1327 1356 1605 1438 equitare
1646 1354 1901 1436 eampis.

1499 1717 1584 1781 X.

1154 1865 1241 1920 AD
1277 1862 1562 1921 LICINIUM
1597 1860 1934 1918 MURENAM.

858 1977 1123 2082 Rector
1166 2010 1215 2075 it
1254 2016 1442 2091 tutuS,
1485 2009 1705 2087 Licini,
1747 2024 1950 2088 neque
1990 2005 2184 2069 altum

853 2111 1113 2190 Semper
1159 2108 1441 2190 urgendo
1483 2126 1704 2188 neque,
1747 2105 1893 2169 dum
1937 2102 2244 2186 proeellas

852 2209 1089 2275 Cautus
1133 2206 1450 2286 horrescit,
1492 2206 1750 2270 nimium
1792 2199 2134 2285 premendo

1017 2306 1195 2369 Litus
1237 2305 1534 2385 iniquum.

850 2488 1122 2552 Auream
1163 2484 1441 2566 quisquis
1483 2481 1973 2546 mediocritatem

848 2582 1077 2665 Diligit
1116 2581 1290 2660 lueiS,
1334 2585 1516 2645 eavet
1556 2576 1819 2643 obsoleti
1858 2596 1900 2641 a

851 2679 1154 2746 Sordibus
1194 2678 1362 2758 teeti,
1404 2681 1587 2742 eavet
1627 2696 1669 2741 a
1709 2676 1947 2739 nitente

1012 2777 1273 2844 Sobrius
1313 2773 1479 2842 aula.

848 2961 1156 3025 Sternitur
1198 2958 1404 3024 ventis
1445 2956 1689 3039 agitata
1731 2957 1794 3016 et
1831 2951 2061 3034 ingens

848 3058 1060 3138 Pinna,
1102 3055 1353 3124 excelsa
1396 3059 1458 3118 et
1500 3049 1798 3135 graviore
1837 3066 1988 3113 easu

845 3156 1123 3236 Decidit3
1165 3159 1401 3221 torrent
1441 3150 1791 3231 feriuntque
1833 3151 2082 3232 sumpta
2186 3163 2205 3171 ‘⁴

1009 3252 1292 3335 Fulgura
1332 3255 1594 3314 montes.
1834 3246 1839 3250 ’

846 3433 1071 3518 Sperat
1111 3433 1179 3499 in
1218 3430 1440 3510 suedie,
1482 3429 1703 3496 metuit
1742 3424 2034 3493 seeundis

843 3532 1124 3597 Alteram
1165 3536 1395 3596 sortem
1436 3527 1601 3593 bene
1639 3529 2088 3608 praeparatum

843 3629 1086 3695 Pectus,
1169 3625 1476 3694 Informes
1516 3623 1623 3705 qui
1665 3621 1902 3692 hiemes
1943 3618 2193 3688 reducit

1006 3726 1046 3792 J
1049 3725 1318 3808 uppiter,
1358 3721 1527 3790 idem
