2946 4583
740 422 855 483 144
1425 414 1582 479 LIB.
1624 413 1702 489 V,
1748 416 1843 476 12.

655 602 734 663 16
902 597 1133 663 Libera
1172 596 1334 675 bilis,
1375 600 1444 659 ut
1485 594 1632 659 olim
1673 593 1849 670 haecj
1875 599 2062 678 grata
2079 590 2287 657 ventis
2316 594 2653 665 venditem

816 694 1121 759 Fomenta
1160 693 1386 758 vulnus
1424 692 1517 755 nil
1556 692 1790 755 malum
1830 688 2109 761 levantia
2149 706 2213 764 et

905 792 1170 856 Desinat
1210 788 1537 873 impariter
1578 796 1823 852 certare
1864 809 2002 857 cum
2048 804 2219 861 metu
2261 792 2510 880 pudor?

815 887 935 953 Ubi
983 887 1139 954 haec
1179 906 1435 952 severus
1478 893 1542 950 te
1581 886 1790 969 palam
1835 888 2267 972 laudaveram,

650 988 734 1050 20
898 985 937 1051 J
941 1005 1120 1051 ussus
1162 985 1335 1049 abire
1376 982 1628 1046 domum
1671 983 1917 1049 ferebar
1955 988 2191 1056 incerto
2232 990 2396 1073 pede

815 1080 916 1146 Ad
959 1102 1084 1146 non
1127 1082 1379 1160 amicos,
1423 1080 1565 1161 heu,
1608 1081 1759 1145 mihi
1801 1090 2012 1163 postes
2053 1093 2136 1164 et,
2177 1087 2325 1166 heu,

898 1180 1147 1244 Limina
1190 1179 1366 1257 dura,
1407 1178 1632 1259 quibus
1672 1178 1916 1244 lumbos
1957 1189 2022 1245 et
2060 1182 2295 1267 infregi
2334 1184 2519 1248 latus.

816 1278 997 1344 Nunc
1038 1275 1366 1360 gloriantis
1408 1276 1746 1357 quamlibet
1788 1277 2209 1345 mulierculam

525 1429 531 1438 .
653 1376 735 1439 24
902 1375 1167 1440 Vincere
1209 1371 1471 1437 mollitia
1510 1370 1638 1454 jam
1681 1394 1854 1438 amor
1895 1374 2146 1458 Lycisci
2191 1396 2293 1442 me
2330 1381 2520 1456 tenet,

813 1470 998 1537 Unde
1038 1470 1335 1555 expedire
1375 1488 1501 1533 non
1542 1471 1880 1548 amicorum
1922 1481 2152 1553 queant

898 1568 1125 1633 Libera
1167 1567 1425 1632 consilia
1465 1585 1583 1631 nec
1624 1569 2032 1655 contumeliae
2072 1588 2330 1651 graves,

819 1663 946 1730 Sed
989 1664 1147 1730 alius
1189 1664 1376 1729 ardor
1419 1681 1530 1727 seu
1571 1663 1817 1747 puellae
1859 1665 2168 1732 candidae

654 1763 736 1826 28
902 1761 1029 1827 Seu
1068 1762 1282 1827 teretis
1324 1758 1501 1842 pueri
1540 1759 1798 1842 longam
1840 1764 2035 1828 Aeolo
2078 1763 2289 1829 dantis
2328 1781 2591 1829 comam.

1569 2161 1713 2225 XII.

1193 2308 1280 2365 Al)
1308 2306 1650 2365 MULIEREM
1683 2309 2109 2369 LIBIDINOSAM.

923 2455 1029 2522 uid
1070 2456 1190 2521 sibi
1231 2455 1367 2521 vult
1407 2456 1602 2522 moles
1644 2457 1847 2540 nigris
1887 2457 2262 2540 dignissima
2304 2458 2504 2525 barris

899 2555 1224 2621 Munerum
1265 2553 1354 2620 ibi
1396 2554 1569 2634 mihi,
1611 2553 1841 2636 quidve
1882 2554 2141 2637 capillus

813 2651 1043 2717 Missus
1081 2670 1198 2717 nec
1239 2651 1416 2716 firmo
1445 2650 1665 2734 juveni
1709 2668 1908 2732 neque
1949 2650 2119 2717 naris
2158 2651 2433 2718 obesae?

651 2753 690 2813 4
890 2749 1176 2832 Namque
1216 2751 1528 2832 sagacius,
1571 2755 1812 2827 unctuS,
1852 2749 2094 2827 odoror,

813 2849 1089 2933 Pupulus
1131 2870 1214 2914 an
1256 2847 1565 2929 gravidae
1607 2846 1880 2911 hirsutus
1922 2845 2147 2928 cupide
2179 2853 2351 2914 artus
2374 2848 2645 2930 anhelet,

896 2942 1096 3021 Quam
1140 2946 1314 3009 canis
1354 2962 1518 3023 acer,
1563 2944 1668 3008 ubi
1712 2943 1904 3008 lateat
1945 2961 2068 3006 sus.

812 3043 933 3121 Qui
976 3042 1164 3110 sudor
1205 3041 1387 3106 victis
1429 3046 1492 3104 et
1534 3057 1719 3121 quam
1783 3039 1982 3104 malus
2023 3040 2299 3122 undique
2352 3041 2645 3109 membris

645 3143 685 3204 8
892 3140 1131 3207 Crescit
1172 3137 1345 3215 odor,
1388 3155 1578 3218 quum
1619 3154 1780 3220 pene
1821 3136 2023 3200 soluto

810 3236 953 3303 Non
994 3235 1294 3301 domitam
1339 3234 1612 3317 trepidat
1651 3232 1889 3297 rabiem
1931 3232 2161 3298 sedans
2202 3233 2446 3314 mulier,
2489 3235 2588 3300 cui

894 3331 935 3397 J
939 3352 1043 3398 am
1086 3330 1254 3397 haud
1295 3337 1509 3396 manet
1550 3330 1807 3395 humida
1848 3337 2018 3396 creta
2059 3329 2353 3410 colorque

821 3427 1109 3494 Stercore
1150 3429 1392 3495 fucatus
1434 3427 1746 3504 crocodili,
1786 3444 2101 3508 quumqve
2141 3428 2425 3494 subando

645 3528 726 3593 12
896 3527 1104 3592 Teuta
1146 3525 1374 3591 cubilia
1416 3532 1703 3607 tectaque
1744 3525 1996 3607 rumpit,

811 3622 929 3692 Vel
973 3641 1117 3687 mea
1156 3641 1343 3703 quum
1387 3622 1598 3688 saevis
1639 3621 1844 3703 agitat
1884 3620 2140 3687 fastidia
2182 3621 2420 3688 verbis:

895 3720 999 3785 ”In
1040 3720 1247 3787 Chaia
1288 3720 1555 3802 langues
1596 3720 1831 3797 minus;
1874 3738 2092 3786 amens
