2946 4583
654 419 735 478 60

572 889 653 948 24

574 1838 653 1899 32

587 3623 668 3685 12

1369 423 1524 487 LIB.
1568 423 1650 504 ΙΙ,
1694 428 1791 489 18.

737 596 995 679 Utrique
1036 605 1313 665 nostrum
1359 635 1435 649 -
1480 605 1667 670 crede
1706 606 1822 670 ibi!
1866 612 1992 673 stat
2032 642 2114 656 -
2155 606 2408 675 modum

737 695 1015 760 Ponetve
1059 697 1279 761 neutri.
1364 700 1598 766 Tecum
1643 703 1732 769 ita
1773 722 1887 769 nos
1928 704 2101 788 prius

818 791 1044 859 Tutela
1085 813 1266 861 sacra
1306 797 1482 861 urnis
1526 798 1791 882 repulsis

902 889 1147 973 Eripuit
1188 890 1577 976 volucrisque
1617 895 1762 961 Fati

735 1067 1042 1136 Tardavit
1083 1071 1237 1150 alas,
1279 1091 1466 1154 quum
1509 1077 1775 1160 populus
1816 1079 2106 1162 frequens

737 1166 1000 1233 Laetum
1043 1167 1305 1235 theatris
1347 1178 1440 1236 ter
1483 1175 1722 1258 crepuit
1762 1195 2008 1243 sonum:
2052 1184 2115 1245 et

818 1265 1064 1330 Mecum
1106 1285 1301 1333 uncus
1341 1269 1449 1334 ille
1491 1278 1675 1355 aptus
1718 1274 1971 1341 cerebro

902 1360 1100 1438 Quem
1143 1364 1504 1448 abstulerat,
1547 1369 1669 1434 nisi
1709 1370 1965 1437 Faunus
2007 1373 2194 1439 ictum

735 1544 980 1610 Dextra
1019 1544 1313 1625 levasset,
1340 1547 1674 1625 ,mortifera
1715 1551 1864 1617 alite

738 1642 963 1706 Custos
1006 1642 1320 1725 gregum?
1363 1644 1472 1711 Bis
1515 1647 1778 1715 reddere
1819 1649 2106 1719 victimas

825 1737 1188 1822 Aedemque
1228 1741 1504 1809 votivam
1547 1753 1886 1827 memento;

899 1838 1031 1903 Nos
1071 1837 1327 1904 totidem
1370 1838 1663 1907 feriemus
1704 1863 1958 1927 agnam.

1467 2009 1626 2021 ψ

1414 2148 1418 2153 ’
1447 2158 1683 2223 XVIII.

1217 2302 1384 2362 SUAE
1421 2307 1642 2365 somus
1679 2306 1932 2365 LAUDES

1111 2415 1228 2456 cum
1264 2406 1652 2469 vituperatione
1690 2408 1961 2460 avaritiae.

989 2512 1167 2621 Non
1208 2551 1360 2615 ebur
1401 2569 1604 2632 neque
1644 2570 1902 2617 aureum

827 2646 970 2711 Mea
1011 2647 1254 2713 renidet
1293 2648 1358 2711 in
1401 2647 1586 2714 domo
1628 2648 1914 2729 lacunar,

987 2746 1130 2811 Non
1171 2743 1380 2809 trabes
1420 2745 1785 2828 Hymettiae

823 2841 1127 2905 Premunt
1168 2842 1486 2906 columnas
1530 2842 1750 2909 ultima
1792 2847 2029 2913 recisas

984 2935 1221 3016 Africa,
1263 2956 1464 3019 neque
1506 2938 1702 3004 Attali

822 3034 1138 3117 Dignatus
1179 3034 1360 3099 heres
1403 3035 1645 3117 regiam
1687 3037 2007 3120 occupavi,

916 3154 920 3158 ·
987 3133 1120 3197 Nec
1163 3132 1502 3198 Laconicas
1544 3133 1697 3200 mihi

823 3226 1110 3295 Trahunt
1152 3228 1450 3294 honestae
1493 3250 1802 3314 purpuras
1844 3241 2061 3314 togae:
2106 3234 2219 3298 sed

991 3325 1130 3389 Stat
1170 3325 1328 3390 fides
1370 3332 1433 3391 et
1476 3327 1695 3410 ingeni

823 3423 1111 3506 Benigna
1150 3442 1315 3489 vena
1357 3429 1471 3503 est,
1516 3443 1982 3508 pauperemque
2022 3425 2200 3493 dives

987 3522 1091 3586 Me
1133 3520 1395 3603 expetit3
1436 3521 1595 3586 nihil
1638 3542 1832 3606 supra
1873 3524 2031 3590 haec

833 3619 1004 3684 Deos
1032 3617 1285 3683 lacesso
1326 3638 1444 3685 nec
1484 3627 1799 3703 potentem
1842 3622 2110 3686 amicum

985 3715 1291 3798 Largiora
1322 3715 1569 3800 ‘flagit0,

828 3813 999 3879 Satis
1042 3813 1282 3892 beatus,
1325 3815 1493 3881 unde
1534 3835 1671 3881 sum
1714 3814 2007 3881 Sabinus.
