2946 4583
677 405 755 463 16
1189 376 1240 419 '¹
1335 502 1336 507 Ν
1390 408 1544 471 Llss.
1590 411 1638 489 1,
1686 416 1777 474 14.

791 580 948 641 Tum
996 579 1169 644 deest
1213 602 1386 648 mens
1430 570 1601 666 mihi,
1647 598 1709 652 tu
1755 592 2001 657 accolae

874 674 1065 738 Curta
1108 676 1159 738 si
1205 679 1362 743 aede
1405 702 1649 762 mane83
1694 686 1915 752 humor
1958 698 2019 753 et
2061 693 2123 754 in
2169 712 2367 774 genas

788 770 1026 834 Furtim
1070 772 1295 838 labitur
1338 796 1631 860 anquene,

591 868 629 924 8
912 865 1112 942 Quam
1156 875 1353 939 noctis
1395 895 1506 956 per
1550 878 1665 942 ite‘r
1710 899 1984 945 macerer
2028 883 2296 964 ignibus.

794 1061 973 1140 Uror,
1016 1083 1126 1128 seu
1170 1068 1280 1131 tibi
1326 1069 1625 1134 candidos

868 1160 1228 1244 Turparunt
1272 1165 1561 1249 humeros
1601 1166 1970 1237 immodicae
2013 1193 2180 1239 mero

787 1258 1068 1339 Sti-agee,
1111 1260 1246 1324 sive
1287 1279 1441 1342 puer
1483 1260 1693 1326 furens

596 1355 667 1416 12
907 1355 1226 1437 Impressit
1269 1375 1603 1423 memorem
1648 1359 1834 1426 dente
1878 1364 2069 1429 labris
2111 1377 2337 1434 notam.

786 1548 944 1628 Non,
987 1549 1041 1613 si
1086 1569 1185 1613 me
1226 1554 1377 1615 satis
1421 1554 1662 1631 audias,

866 1644 1095 1729 Speres
1138 1655 1503 1730 perpetuum
1546 1649 1752 1716 dulcia
1796 1654 2059 1720 barbare

482 1822 486 1825 ἢ
783 1741 1163 1806 Laedentem
1207 1746 1434 1825 oscula,
1481 1766 1639 1828 quae
1683 1750 1900 1815 Venus

588 1837 665 1897 16
864 1835 1005 1912 Qua
1047 1858 1170 1902 non
1216 1847 1392 1922 parte
1433 1844 1529 1907 sui
1575 1847 1842 1910 nectaris
1885 1847 2146 1912 imbuit?

788 2031 1030 2096 Felices
1074 2040 1166 2097 ter
1210 2042 1273 2098 et
1313 2040 1599 2121 ampliu&

863 2128 1033 2206 Quos
1077 2131 1314 2216 irrupta
1356 2143 1526 2199 tenet
1567 2138 1806 2221 copula,
1850 2157 1965 2204 nec
2007 2140 2190 2205 malis

788 2227 1084 2293 Divulsus
1126 2233 1524 2312 querimoniis

582 2326 662 2387 20
866 2325 1171 2409 Suprema
1213 2331 1393 2395 citius
1435 2331 1636 2396 solvet
1675 2351 1847 2397 amor
1890 2333 2019 2399 diei

1476 2495 1675 2510 ἡ*

1482 2690 1652 2755 XIV.
1751 2760 1754 2764 .

1090 2837 1178 2894 Al)
1229 2838 1692 2895 REMPUBLIGAM
1726 2838 2041 2896 ROMANAM

1138 2939 1369 3000 imagine
1407 2941 1558 2991 navis
1594 2939 1959 3004 significat-am.

778 3076 874 3185 Ο
911 3116 1089 3180 navis
1131 3119 1409 3182 referens
1451 3119 1515 3182 in
1559 3138 1732 3184 mare
1775 3128 1854 3197 te,
1898 3137 2094 3184 novos

781 3211 1035 3276 Fluctus
1077 3233 1114 3276 o
1156 3220 1304 3294 quot
1341 3213 1510 3278 adis!
1553 3215 1900 3280 Fortuitum
1943 3233 2179 3297 occupa

901 3307 1178 3384 Portum,
1221 3328 1347 3372 non
1390 3311 1582 3375 avida
1621 3311 1761 3389 alti,

575 3407 615 3463 4
983 3403 1233 3468 Nudum
1278 3412 1345 3468 ut
1385 3406 1647 3487 remigio
1691 3406 1880 3484 latuS,

779 3579 861 3646 Ut
903 3584 1103 3648 malus
1144 3584 1329 3649 celeri
1372 3586 1620 3650 saucius
1662 3584 1872 3649 Africo
1916 3591 2010 3649 est

778 3681 1226 3763 Antennacque
1267 3689 1544 3764 gemunt.
1627 3680 1760 3748 Fac
1800 3683 1935 3747 sine
1975 3681 2225 3747 funibus
