<?xml version="1.0" encoding="UTF-8"?>
<!DOCTYPE html PUBLIC "-//W3C//DTD XHTML 1.0 Transitional//EN"
    "http://www.w3.org/TR/xhtml1/DTD/xhtml1-transitional.dtd">
<html xmlns="http://www.w3.org/1999/xhtml" xml:lang="en" lang="en">
 <head>
  <title>
</title>
<meta http-equiv="Content-Type" content="text/html;charset=utf-8" />
  <meta name='ocr-system' content='tesseract 3.04.00' />
  <meta name='ocr-capabilities' content='ocr_page ocr_carea ocr_par ocr_line ocrx_word'/>
</head>
<body>
  <div class='ocr_page' id='page_1' title='image "./carminalyricaod00ljungoog_0039.png"; bbox 0 0 2946 4583; ppageno 0'>
   <div class='ocr_carea' id='block_1_1' title="bbox 1164 391 2290 513">
    <p class='ocr_par' dir='ltr' id='par_1_1' title="bbox 1164 391 2290 513">
     <span class='ocr_line' id='line_1_1' title="bbox 1164 391 2290 513; baseline -0.003 -8"><span class='ocrx_word' id='word_1_1' title='bbox 1164 435 1348 505; x_wconf 69' lang='lat' dir='ltr'><strong>‚me</strong></span> <span class='ocrx_word' id='word_1_2' title='bbox 1387 391 1441 513; x_wconf 34' lang='lat'><strong>⁸1,</strong></span> <span class='ocrx_word' id='word_1_3' title='bbox 1479 442 1535 500; x_wconf 84' lang='lat'><strong>9.</strong></span> <span class='ocrx_word' id='word_1_4' title='bbox 2220 443 2290 502; x_wconf 89' lang='lat'><strong>11</strong></span> 
     </span>
    </p>
   </div>
   <div class='ocr_carea' id='block_1_2' title="bbox 1256 630 1439 694">
    <p class='ocr_par' dir='ltr' id='par_1_2' title="bbox 1256 630 1439 694">
     <span class='ocr_line' id='line_1_2' title="bbox 1256 630 1439 694; baseline -0.005 -1"><span class='ocrx_word' id='word_1_5' title='bbox 1256 676 1267 693; x_wconf 72' lang='grc'>,</span> <span class='ocrx_word' id='word_1_6' title='bbox 1328 630 1439 694; x_wconf 88' lang='lat' dir='ltr'><strong>IX.</strong></span> 
     </span>
    </p>
   </div>
   <div class='ocr_carea' id='block_1_3' title="bbox 1070 774 1669 832">
    <p class='ocr_par' dir='ltr' id='par_1_3' title="bbox 1070 774 1669 832">
     <span class='ocr_line' id='line_1_3' title="bbox 1070 774 1669 832; baseline 0.002 -4"><span class='ocrx_word' id='word_1_7' title='bbox 1070 775 1154 829; x_wconf 88' lang='lat' dir='ltr'><strong>AD</strong></span> <span class='ocrx_word' id='word_1_8' title='bbox 1191 774 1669 832; x_wconf 74' lang='lat' dir='ltr'><strong>THALIARGHUM.</strong></span> 
     </span>
    </p>
   </div>
   <div class='ocr_carea' id='block_1_4' title="bbox 527 874 2116 1014">
    <p class='ocr_par' dir='ltr' id='par_1_4' title="bbox 527 874 2116 1014">
     <span class='ocr_line' id='line_1_4' title="bbox 596 874 2116 937; baseline 0.002 -14"><span class='ocrx_word' id='word_1_9' title='bbox 596 874 840 933; x_wconf 84' lang='lat' dir='ltr'><strong>Quamvis</strong></span> <span class='ocrx_word' id='word_1_10' title='bbox 880 874 1083 924; x_wconf 72' lang='lat' dir='ltr'><strong>saeviat</strong></span> <span class='ocrx_word' id='word_1_11' title='bbox 1121 875 1309 936; x_wconf 67' lang='lat' dir='ltr'><strong>hicum,</strong></span> <span class='ocrx_word' id='word_1_12' title='bbox 1349 880 1525 925; x_wconf 81' lang='lat' dir='ltr'><strong>tamen</strong></span> <span class='ocrx_word' id='word_1_13' title='bbox 1565 888 1697 937; x_wconf 87' lang='lat' dir='ltr'><strong>opus</strong></span> <span class='ocrx_word' id='word_1_14' title='bbox 1737 889 1840 927; x_wconf 87' lang='lat' dir='ltr'><strong>non</strong></span> <span class='ocrx_word' id='word_1_15' title='bbox 1880 889 2021 937; x_wconf 74' lang='lat' dir='ltr'><strong>csse,</strong></span> <span class='ocrx_word' id='word_1_16' title='bbox 2064 882 2116 926; x_wconf 80' lang='lat' dir='ltr'><strong>ut</strong></span> 
     </span>
     <span class='ocr_line' id='line_1_5' title="bbox 527 952 1218 1014; baseline 0 -11"><span class='ocrx_word' id='word_1_17' title='bbox 527 952 884 1014; x_wconf 80' lang='lat' dir='ltr'><strong>voluptatibus</strong></span> <span class='ocrx_word' id='word_1_18' title='bbox 922 966 1218 1005; x_wconf 70' lang='lat' dir='ltr'><strong>careamus,</strong></span> 
     </span>
    </p>
   </div>
   <div class='ocr_carea' id='block_1_5' title="bbox 687 1110 2371 1503">
    <p class='ocr_par' dir='ltr' id='par_1_5' title="bbox 687 1110 2371 1503">
     <span class='ocr_line' id='line_1_6' title="bbox 687 1110 1956 1226; baseline 0.002 -18"><span class='ocrx_word' id='word_1_19' title='bbox 687 1110 940 1226; x_wconf 84' lang='lat' dir='ltr'><strong>Vides,</strong></span> <span class='ocrx_word' id='word_1_20' title='bbox 984 1155 1052 1211; x_wconf 90' lang='lat' dir='ltr'><strong>ut</strong></span> <span class='ocrx_word' id='word_1_21' title='bbox 1094 1147 1288 1212; x_wconf 83' lang='lat' dir='ltr'><strong>altum</strong></span> <span class='ocrx_word' id='word_1_22' title='bbox 1331 1154 1453 1212; x_wconf 84' lang='lat' dir='ltr'><strong>stet</strong></span> <span class='ocrx_word' id='word_1_23' title='bbox 1496 1149 1642 1211; x_wconf 81' lang='lat' dir='ltr'><strong>nive</strong></span> <span class='ocrx_word' id='word_1_24' title='bbox 1682 1146 1956 1210; x_wconf 81' lang='lat' dir='ltr'><strong>candida</strong></span> 
     </span>
     <span class='ocr_line' id='line_1_7' title="bbox 689 1245 1871 1326; baseline -0.003 -16"><span class='ocrx_word' id='word_1_25' title='bbox 689 1245 962 1322; x_wconf 81' lang='lat' dir='ltr'><strong>Soracte,</strong></span> <span class='ocrx_word' id='word_1_26' title='bbox 1004 1263 1121 1308; x_wconf 91' lang='lat' dir='ltr'><strong>nec</strong></span> <span class='ocrx_word' id='word_1_27' title='bbox 1161 1245 1288 1326; x_wconf 86' lang='lat' dir='ltr'><strong>jam</strong></span> <span class='ocrx_word' id='word_1_28' title='bbox 1329 1245 1675 1309; x_wconf 90' lang='lat' dir='ltr'><strong>sustineant</strong></span> <span class='ocrx_word' id='word_1_29' title='bbox 1715 1263 1871 1307; x_wconf 89' lang='lat' dir='ltr'><strong>onus</strong></span> 
     </span>
     <span class='ocr_line' id='line_1_8' title="bbox 771 1339 1715 1421; baseline -0.004 -14"><span class='ocrx_word' id='word_1_30' title='bbox 771 1342 986 1407; x_wconf 83' lang='lat' dir='ltr'>Silvae</span> <span class='ocrx_word' id='word_1_31' title='bbox 1028 1339 1402 1418; x_wconf 77' lang='lat' dir='ltr'><strong>laboranteS‚</strong></span> <span class='ocrx_word' id='word_1_32' title='bbox 1446 1340 1715 1421; x_wconf 84' lang='lat' dir='ltr'><strong>geluque</strong></span> 
     </span>
     <span class='ocr_line' id='line_1_9' title="bbox 849 1436 2371 1503; baseline -0.004 -1"><span class='ocrx_word' id='word_1_33' title='bbox 849 1438 1139 1503; x_wconf 78' lang='lat' dir='ltr'><strong>Flumina</strong></span> <span class='ocrx_word' id='word_1_34' title='bbox 1182 1436 1571 1502; x_wconf 76' lang='lat' dir='ltr'><strong>constiterint</strong></span> <span class='ocrx_word' id='word_1_35' title='bbox 1612 1441 1811 1500; x_wconf 82' lang='lat' dir='ltr'><strong>acuto,</strong></span> <span class='ocrx_word' id='word_1_36' title='bbox 2333 1438 2371 1496; x_wconf 88' lang='lat'><strong>4</strong></span> 
     </span>
    </p>
   </div>
   <div class='ocr_carea' id='block_1_6' title="bbox 683 1616 2366 1988">
    <p class='ocr_par' dir='ltr' id='par_1_6' title="bbox 683 1616 2366 1988">
     <span class='ocr_line' id='line_1_10' title="bbox 685 1616 1852 1700; baseline -0.003 -17"><span class='ocrx_word' id='word_1_37' title='bbox 685 1618 977 1684; x_wconf 85' lang='lat' dir='ltr'><strong>Dissolve</strong></span> <span class='ocrx_word' id='word_1_38' title='bbox 1019 1617 1222 1699; x_wconf 83' lang='lat' dir='ltr'><strong>frigus</strong></span> <span class='ocrx_word' id='word_1_39' title='bbox 1263 1619 1439 1700; x_wconf 86' lang='lat' dir='ltr'><strong>ligna</strong></span> <span class='ocrx_word' id='word_1_40' title='bbox 1484 1635 1671 1698; x_wconf 86' lang='lat' dir='ltr'><strong>super</strong></span> <span class='ocrx_word' id='word_1_41' title='bbox 1713 1616 1852 1680; x_wconf 87' lang='lat' dir='ltr'><strong>foco</strong></span> 
     </span>
     <span class='ocr_line' id='line_1_11' title="bbox 683 1713 1850 1797; baseline -0.003 -18"><span class='ocrx_word' id='word_1_42' title='bbox 683 1715 894 1797; x_wconf 85' lang='lat' dir='ltr'><strong>Large</strong></span> <span class='ocrx_word' id='word_1_43' title='bbox 934 1733 1244 1796; x_wconf 89' lang='lat' dir='ltr'><strong>reponens</strong></span> <span class='ocrx_word' id='word_1_44' title='bbox 1286 1722 1475 1795; x_wconf 88' lang='lat' dir='ltr'><strong>atque</strong></span> <span class='ocrx_word' id='word_1_45' title='bbox 1515 1713 1850 1794; x_wconf 80' lang='lat' dir='ltr'>benignius</span> 
     </span>
     <span class='ocr_line' id='line_1_12' title="bbox 769 1809 1957 1894; baseline -0.003 -18"><span class='ocrx_word' id='word_1_46' title='bbox 769 1813 1105 1894; x_wconf 89' lang='lat' dir='ltr'><strong>Deprome,</strong></span> <span class='ocrx_word' id='word_1_47' title='bbox 1146 1812 1251 1891; x_wconf 90' lang='lat' dir='ltr'><strong>qui</strong></span> <span class='ocrx_word' id='word_1_48' title='bbox 1293 1811 1532 1876; x_wconf 86' lang='lat' dir='ltr'><strong>Romae</strong></span> <span class='ocrx_word' id='word_1_49' title='bbox 1573 1829 1661 1890; x_wconf 77' lang='lat' dir='ltr'><strong>eS,</strong></span> <span class='ocrx_word' id='word_1_50' title='bbox 1702 1809 1957 1887; x_wconf 83' lang='lat' dir='ltr'><strong>Sabina,</strong></span> 
     </span>
     <span class='ocr_line' id='line_1_13' title="bbox 843 1906 2366 1988; baseline -0.007 -15"><span class='ocrx_word' id='word_1_51' title='bbox 843 1910 945 1974; x_wconf 86' lang='lat' dir='ltr'><strong>Tu</strong></span> <span class='ocrx_word' id='word_1_52' title='bbox 986 1908 1384 1988; x_wconf 77' lang='lat' dir='ltr'>Thaliarche,</span> <span class='ocrx_word' id='word_1_53' title='bbox 1428 1925 1667 1972; x_wconf 88' lang='lat' dir='ltr'><strong>merum</strong></span> <span class='ocrx_word' id='word_1_54' title='bbox 1709 1907 1937 1972; x_wconf 82' lang='lat' dir='ltr'><strong>diaeta.</strong></span> <span class='ocrx_word' id='word_1_55' title='bbox 2327 1906 2366 1963; x_wconf 89' lang='lat'>8</span> 
     </span>
    </p>
   </div>
   <div class='ocr_carea' id='block_1_7' title="bbox 679 2088 2364 2462">
    <p class='ocr_par' dir='ltr' id='par_1_7' title="bbox 679 2088 2364 2462">
     <span class='ocr_line' id='line_1_14' title="bbox 684 2088 1822 2169; baseline -0.001 -16"><span class='ocrx_word' id='word_1_56' title='bbox 684 2090 982 2154; x_wconf 88' lang='lat' dir='ltr'><strong>Permitte</strong></span> <span class='ocrx_word' id='word_1_57' title='bbox 1023 2088 1209 2161; x_wconf 86' lang='lat' dir='ltr'><strong>divis</strong></span> <span class='ocrx_word' id='word_1_58' title='bbox 1229 2096 1456 2168; x_wconf 85' lang='lat' dir='ltr'><strong>cetera,</strong></span> <span class='ocrx_word' id='word_1_59' title='bbox 1500 2089 1604 2169; x_wconf 92' lang='lat' dir='ltr'><strong>qui</strong></span> <span class='ocrx_word' id='word_1_60' title='bbox 1639 2089 1822 2153; x_wconf 90' lang='lat' dir='ltr'><strong>simul</strong></span> 
     </span>
     <span class='ocr_line' id='line_1_15' title="bbox 679 2183 1890 2264; baseline -0.006 -12"><span class='ocrx_word' id='word_1_61' title='bbox 679 2186 974 2253; x_wconf 84' lang='lat' dir='ltr'><strong>Stravere</strong></span> <span class='ocrx_word' id='word_1_62' title='bbox 1014 2195 1275 2253; x_wconf 88' lang='lat' dir='ltr'><strong>ventosa</strong></span> <span class='ocrx_word' id='word_1_63' title='bbox 1317 2202 1609 2264; x_wconf 86' lang='lat' dir='ltr'><strong>aequora,</strong></span> <span class='ocrx_word' id='word_1_64' title='bbox 1649 2183 1890 2249; x_wconf 88' lang='lat' dir='ltr'><strong>fervide</strong></span> 
     </span>
     <span class='ocr_line' id='line_1_16' title="bbox 763 2283 1787 2367; baseline -0.003 -18"><span class='ocrx_word' id='word_1_65' title='bbox 763 2283 1175 2367; x_wconf 88' lang='lat' dir='ltr'><strong>Deproelians</strong></span> <span class='ocrx_word' id='word_1_66' title='bbox 1217 2289 1283 2347; x_wconf 90' lang='lat' dir='ltr'><strong>tu</strong></span> <span class='ocrx_word' id='word_1_67' title='bbox 1324 2300 1442 2346; x_wconf 86' lang='lat' dir='ltr'><strong>nec</strong></span> <span class='ocrx_word' id='word_1_68' title='bbox 1482 2300 1787 2363; x_wconf 26' lang='lat' dir='ltr'><strong>repressos</strong></span> 
     </span>
     <span class='ocr_line' id='line_1_17' title="bbox 844 2373 2364 2462; baseline -0.01 -15"><span class='ocrx_word' id='word_1_69' title='bbox 844 2382 904 2447; x_wconf 87' lang='lat' dir='ltr'>N</span> <span class='ocrx_word' id='word_1_70' title='bbox 906 2398 976 2445; x_wconf 87' lang='lat' dir='ltr'><strong>ec</strong></span> <span class='ocrx_word' id='word_1_71' title='bbox 1019 2385 1305 2462; x_wconf 85' lang='lat' dir='ltr'><strong>quateres</strong></span> <span class='ocrx_word' id='word_1_72' title='bbox 1341 2378 1630 2461; x_wconf 83' lang='lat' dir='ltr'><strong>agitante</strong></span> <span class='ocrx_word' id='word_1_73' title='bbox 1669 2395 1856 2440; x_wconf 87' lang='lat' dir='ltr'><strong>remo.</strong></span> <span class='ocrx_word' id='word_1_74' title='bbox 2287 2373 2364 2434; x_wconf 86' lang='lat'><strong>12</strong></span> 
     </span>
    </p>
   </div>
   <div class='ocr_carea' id='block_1_8' title="bbox 678 2537 2360 2912">
    <p class='ocr_par' dir='ltr' id='par_1_8' title="bbox 678 2537 2360 2912">
     <span class='ocr_line' id='line_1_18' title="bbox 679 2537 2155 2620; baseline -0.007 -12"><span class='ocrx_word' id='word_1_75' title='bbox 679 2543 845 2619; x_wconf 79' lang='lat' dir='ltr'><strong>Quid</strong></span> <span class='ocrx_word' id='word_1_76' title='bbox 890 2544 973 2607; x_wconf 89' lang='lat' dir='ltr'><strong>sit</strong></span> <span class='ocrx_word' id='word_1_77' title='bbox 1012 2541 1287 2607; x_wconf 84' lang='lat' dir='ltr'><strong>futurum</strong></span> <span class='ocrx_word' id='word_1_78' title='bbox 1330 2560 1492 2620; x_wconf 88' lang='lat' dir='ltr'><strong>cras,</strong></span> <span class='ocrx_word' id='word_1_79' title='bbox 1533 2537 1686 2620; x_wconf 85' lang='lat' dir='ltr'><strong>fuge</strong></span> <span class='ocrx_word' id='word_1_80' title='bbox 1727 2554 2024 2618; x_wconf 88' lang='lat' dir='ltr'><strong>quaerere</strong></span> <span class='ocrx_word' id='word_1_81' title='bbox 2065 2539 2155 2612; x_wconf 87' lang='lat' dir='ltr'><strong>et,</strong></span> 
     </span>
     <span class='ocr_line' id='line_1_19' title="bbox 678 2632 2134 2717; baseline -0.005 -14"><span class='ocrx_word' id='word_1_82' title='bbox 678 2639 877 2715; x_wconf 81' lang='lat' dir='ltr'><strong>Quem</strong></span> <span class='ocrx_word' id='word_1_83' title='bbox 920 2639 1079 2702; x_wconf 85' lang='lat' dir='ltr'><strong>Fors</strong></span> <span class='ocrx_word' id='word_1_84' title='bbox 1123 2638 1364 2702; x_wconf 87' lang='lat' dir='ltr'><strong>dierum</strong></span> <span class='ocrx_word' id='word_1_85' title='bbox 1408 2654 1669 2717; x_wconf 92' lang='lat' dir='ltr'><strong>cumque</strong></span> <span class='ocrx_word' id='word_1_86' title='bbox 1712 2634 1906 2713; x_wconf 87' lang='lat' dir='ltr'><strong>dabit,</strong></span> <span class='ocrx_word' id='word_1_87' title='bbox 1946 2632 2134 2697; x_wconf 88' lang='lat' dir='ltr'><strong>lucris</strong></span> 
     </span>
     <span class='ocr_line' id='line_1_20' title="bbox 761 2727 1942 2817; baseline -0.003 -19"><span class='ocrx_word' id='word_1_88' title='bbox 761 2736 1025 2817; x_wconf 89' lang='lat' dir='ltr'><strong>Appone</strong></span> <span class='ocrx_word' id='word_1_89' title='bbox 1066 2752 1182 2798; x_wconf 90' lang='lat' dir='ltr'><strong>nec</strong></span> <span class='ocrx_word' id='word_1_90' title='bbox 1223 2732 1436 2796; x_wconf 79' lang='lat' dir='ltr'><strong>dulces</strong></span> <span class='ocrx_word' id='word_1_91' title='bbox 1479 2750 1722 2796; x_wconf 89' lang='lat' dir='ltr'><strong>amores</strong></span> <span class='ocrx_word' id='word_1_92' title='bbox 1936 2727 1942 2733; x_wconf 82' lang='grc'><strong><em>’</em></strong></span> 
     </span>
     <span class='ocr_line' id='line_1_21' title="bbox 843 2823 2360 2912; baseline -0.009 -16"><span class='ocrx_word' id='word_1_93' title='bbox 843 2830 1084 2912; x_wconf 86' lang='lat' dir='ltr'><strong>Sperne</strong></span> <span class='ocrx_word' id='word_1_94' title='bbox 1126 2848 1279 2911; x_wconf 87' lang='lat' dir='ltr'><strong>puer</strong></span> <span class='ocrx_word' id='word_1_95' title='bbox 1321 2846 1522 2909; x_wconf 88' lang='lat' dir='ltr'><strong>neque</strong></span> <span class='ocrx_word' id='word_1_96' title='bbox 1563 2845 1838 2911; x_wconf 85' lang='lat' dir='ltr'>proroga</span> <span class='ocrx_word' id='word_1_97' title='bbox 1880 2844 2001 2903; x_wconf 83' lang='lat' dir='ltr'><strong>cor,</strong></span> <span class='ocrx_word' id='word_1_98' title='bbox 2281 2823 2360 2882; x_wconf 88' lang='grc'><strong>16</strong></span> 
     </span>
    </p>
   </div>
   <div class='ocr_carea' id='block_1_9' title="bbox 677 2990 2358 3361">
    <p class='ocr_par' dir='ltr' id='par_1_9' title="bbox 677 2990 2358 3361">
     <span class='ocr_line' id='line_1_22' title="bbox 677 2990 1689 3055; baseline -0.003 0"><span class='ocrx_word' id='word_1_99' title='bbox 677 2992 896 3055; x_wconf 87' lang='lat' dir='ltr'><strong>Donec</strong></span> <span class='ocrx_word' id='word_1_100' title='bbox 936 2990 1162 3054; x_wconf 90' lang='lat' dir='ltr'><strong>virenti</strong></span> <span class='ocrx_word' id='word_1_101' title='bbox 1206 2991 1464 3054; x_wconf 81' lang='lat' dir='ltr'><strong>canities</strong></span> <span class='ocrx_word' id='word_1_102' title='bbox 1507 2990 1689 3053; x_wconf 84' lang='lat' dir='ltr'><strong>adest</strong></span> 
     </span>
     <span class='ocr_line' id='line_1_23' title="bbox 679 3087 1945 3167; baseline -0.006 -13"><span class='ocrx_word' id='word_1_103' title='bbox 679 3089 946 3154; x_wconf 87' lang='lat' dir='ltr'>Morosa.</span> <span class='ocrx_word' id='word_1_104' title='bbox 1029 3087 1211 3150; x_wconf 88' lang='lat' dir='ltr'><strong>Nunc</strong></span> <span class='ocrx_word' id='word_1_105' title='bbox 1253 3092 1321 3149; x_wconf 87' lang='lat' dir='ltr'><strong>ut</strong></span> <span class='ocrx_word' id='word_1_106' title='bbox 1361 3104 1621 3167; x_wconf 86' lang='lat' dir='ltr'><strong>campus</strong></span> <span class='ocrx_word' id='word_1_107' title='bbox 1665 3092 1728 3149; x_wconf 87' lang='lat' dir='ltr'><strong>et</strong></span> <span class='ocrx_word' id='word_1_108' title='bbox 1759 3103 1945 3149; x_wconf 88' lang='lat' dir='ltr'><strong>areae</strong></span> 
     </span>
     <span class='ocr_line' id='line_1_24' title="bbox 760 3181 1802 3262; baseline -0.002 -15"><span class='ocrx_word' id='word_1_109' title='bbox 760 3184 1084 3262; x_wconf 86' lang='lat' dir='ltr'><strong>Lenesque</strong></span> <span class='ocrx_word' id='word_1_110' title='bbox 1125 3181 1240 3244; x_wconf 89' lang='lat' dir='ltr'><strong>sub</strong></span> <span class='ocrx_word' id='word_1_111' title='bbox 1283 3185 1525 3243; x_wconf 88' lang='lat' dir='ltr'><strong>noctem</strong></span> <span class='ocrx_word' id='word_1_112' title='bbox 1568 3181 1802 3246; x_wconf 87' lang='lat' dir='ltr'><strong>susurri</strong></span> 
     </span>
     <span class='ocr_line' id='line_1_25' title="bbox 841 3273 2358 3361; baseline -0.005 -17"><span class='ocrx_word' id='word_1_113' title='bbox 841 3277 1201 3361; x_wconf 84' lang='lat' dir='ltr'><strong>Composita</strong></span> <span class='ocrx_word' id='word_1_114' title='bbox 1242 3276 1412 3342; x_wconf 87' lang='lat' dir='ltr'><strong>haud</strong></span> <span class='ocrx_word' id='word_1_115' title='bbox 1453 3281 1812 3360; x_wconf 86' lang='lat' dir='ltr'><strong>repetantur</strong></span> <span class='ocrx_word' id='word_1_116' title='bbox 1857 3276 2028 3354; x_wconf 85' lang='lat' dir='ltr'>hora,</span> <span class='ocrx_word' id='word_1_117' title='bbox 2277 3273 2358 3332; x_wconf 84' lang='lat'><strong>20</strong></span> 
     </span>
    </p>
   </div>
   <div class='ocr_carea' id='block_1_10' title="bbox 675 3439 2358 3813">
    <p class='ocr_par' dir='ltr' id='par_1_10' title="bbox 675 3439 2358 3813">
     <span class='ocr_line' id='line_1_26' title="bbox 675 3439 1871 3521; baseline -0.003 -14"><span class='ocrx_word' id='word_1_118' title='bbox 675 3444 898 3507; x_wconf 89' lang='lat' dir='ltr'><strong>Nonne</strong></span> <span class='ocrx_word' id='word_1_119' title='bbox 940 3446 1006 3505; x_wconf 85' lang='lat' dir='ltr'><strong>et</strong></span> <span class='ocrx_word' id='word_1_120' title='bbox 1042 3440 1292 3504; x_wconf 80' lang='lat' dir='ltr'><strong>latentis</strong></span> <span class='ocrx_word' id='word_1_121' title='bbox 1334 3440 1611 3521; x_wconf 90' lang='lat' dir='ltr'><strong>proditor</strong></span> <span class='ocrx_word' id='word_1_122' title='bbox 1653 3439 1871 3503; x_wconf 86' lang='lat' dir='ltr'><strong>intimo</strong></span> 
     </span>
     <span class='ocr_line' id='line_1_27' title="bbox 675 3535 1931 3622; baseline -0.005 -17"><span class='ocrx_word' id='word_1_123' title='bbox 675 3540 907 3605; x_wconf 82' lang='lat' dir='ltr'><strong>Gratus</strong></span> <span class='ocrx_word' id='word_1_124' title='bbox 949 3536 1193 3622; x_wconf 88' lang='lat' dir='ltr'><strong>puellae</strong></span> <span class='ocrx_word' id='word_1_125' title='bbox 1234 3541 1330 3600; x_wconf 89' lang='lat' dir='ltr'><strong>est</strong></span> <span class='ocrx_word' id='word_1_126' title='bbox 1370 3536 1549 3620; x_wconf 28' lang='lat' dir='ltr'><strong>risus,</strong></span> <span class='ocrx_word' id='word_1_127' title='bbox 1573 3535 1654 3599; x_wconf 88' lang='lat' dir='ltr'><strong>ab</strong></span> <span class='ocrx_word' id='word_1_128' title='bbox 1698 3535 1931 3616; x_wconf 85' lang='lat' dir='ltr'><strong>angulo</strong></span> 
     </span>
     <span class='ocr_line' id='line_1_28' title="bbox 755 3631 1858 3718; baseline -0.005 -17"><span class='ocrx_word' id='word_1_129' title='bbox 755 3637 1115 3718; x_wconf 84' lang='lat' dir='ltr'><strong>Pignusque</strong></span> <span class='ocrx_word' id='word_1_130' title='bbox 1156 3632 1245 3697; x_wconf 89' lang='lat' dir='ltr'><strong>ibi</strong></span> <span class='ocrx_word' id='word_1_131' title='bbox 1288 3636 1567 3715; x_wconf 88' lang='lat' dir='ltr'><strong>ereptum</strong></span> <span class='ocrx_word' id='word_1_132' title='bbox 1609 3631 1858 3696; x_wconf 85' lang='lat' dir='ltr'><strong>lacertis</strong></span> 
     </span>
     <span class='ocr_line' id='line_1_29' title="bbox 837 3726 2358 3813; baseline -0.004 -17"><span class='ocrx_word' id='word_1_133' title='bbox 837 3735 963 3797; x_wconf 87' lang='lat' dir='ltr'><strong>Aut</strong></span> <span class='ocrx_word' id='word_1_134' title='bbox 1005 3731 1203 3813; x_wconf 86' lang='lat' dir='ltr'><strong>digito</strong></span> <span class='ocrx_word' id='word_1_135' title='bbox 1245 3729 1408 3793; x_wconf 89' lang='lat' dir='ltr'><strong>male</strong></span> <span class='ocrx_word' id='word_1_136' title='bbox 1451 3726 1791 3810; x_wconf 77' lang='lat' dir='ltr'><strong>pertinaci?</strong></span> <span class='ocrx_word' id='word_1_137' title='bbox 2278 3730 2358 3790; x_wconf 81' lang='lat'><strong>24</strong></span> 
     </span>
    </p>
   </div>
  </div>
 </body>
</html>
