2946 4583
634 404 759 466 124*
1305 396 1460 462 LlB.
1506 396 1616 475 IV,
1660 400 1757 460 13.

798 581 1134 645 Aeternum
1177 576 1595 662 opprobrium,
1637 575 1803 657 quod
1845 575 2007 640 male
2046 580 2410 659 temperans

553 684 593 742 8
921 677 1167 761 Regum
1210 683 1306 741 est
1345 674 1479 740 ulta
1518 673 1828 739 libidines.

803 841 1051 907 Dicunt
1075 840 1140 904 in
1183 845 1396 904 tenero
1439 837 1727 920 gramine
1769 837 2099 921 pingvium

804 938 1110 1005 Custodes
1153 938 1363 1002 ovium
1406 936 1687 1001 earmina
1726 933 1933 1000 fistula

807 1038 1172 1105 Delectante
1214 1036 1418 1107 deum,
1463 1035 1562 1098 eui
1605 1051 1795 1117 peeus
1837 1037 1898 1096 et
1940 1029 2108 1113 nigri

564 1143 641 1203 12
890 1136 1096 1201 Colles
1137 1134 1450 1199 Arcadiae
1493 1134 1758 1217 placent.

809 1317 1149 1382 Adduxere
1190 1316 1355 1381 sitim
1399 1322 1699 1397 tempora,
1742 1310 2015 1392 Vergili3

814 1415 942 1481 Sed
983 1435 1266 1499 pressum
1310 1413 1567 1478 Calibus
1608 1410 1834 1476 ducere
1876 1407 2175 1470 Liberum

813 1515 882 1580 Si
925 1513 1140 1597 gestis,
1182 1511 1454 1593 equitum
1498 1507 1798 1573 nobilium
1842 1504 2062 1582 elienS,

572 1618 651 1677 16
899 1609 1112 1678 Nardo
1155 1610 1304 1674 vina
1344 1608 1685 1672 merebere.
2107 1595 2110 1596 ἦ

819 1774 1019 1841 Nardi
1059 1792 1296 1857 parvus
1339 1790 1513 1854 onyx
1555 1768 1758 1834 eliciet
1799 1765 2048 1842 eadum,

822 1871 945 1948 Qui
987 1890 1152 1935 nuno
1194 1870 1485 1954 Sulpiciis
1527 1866 1787 1931 aeeubat
1829 1862 2087 1939 horreis,

824 1970 984 2053 Spes
1026 1970 1261 2035 donare
1300 1984 1499 2033 novas
1542 1964 1756 2045 largus
1799 1976 2141 2040 amaraque

578 2075 662 2137 20
912 2069 1210 2133 Curatum
1256 2067 1464 2131 eluere
1506 2062 1747 2127 effieax.

830 2251 929 2317 Ad
975 2267 1135 2333 quae
1176 2249 1229 2314 si
1272 2265 1572 2332 properas
1614 2240 1864 2326 gaudia,
1909 2257 2047 2302 eum
2090 2240 2199 2300 tua

831 2349 1033 2417 Velox
1075 2365 1281 2412 meree
1323 2345 1496 2422 veni3
1538 2362 1664 2407 non
1706 2358 1825 2422 ego
1866 2344 1931 2400 te
1971 2334 2127 2398 meis

835 2449 1180 2513 Immunem
1222 2443 1486 2509 meditor
1528 2440 1772 2520 tingere
1815 2433 2071 2520 poculis,

587 2552 669 2615 24
913 2544 1109 2609 Plena
1149 2543 1327 2607 dives
1367 2548 1436 2605 ut
1477 2539 1543 2603 in
1585 2535 1786 2599 domo.

837 2693 1069 2757 Rerum
1111 2688 1390 2774 pondera
1431 2687 1609 2750 mitte
1650 2688 1712 2748 et
1754 2680 2027 2747 studium
2066 2673 2255 2752 lueri,

819 2791 1285 2870 *Nugarumque
1326 2804 1581 2863 memor,
1625 2782 1772 2846 dum
1815 2779 1978 2855 lieet,
2019 2775 2234 2851 horae,
2276 2788 2437 2851 age,

839 2887 1034 2952 Misce
1074 2885 1402 2950 stultitiam
1443 2879 1719 2946 consiliis
1764 2878 2043 2950 brevem3

593 2989 676 3050 28
726 2976 727 2979 '
923 2984 1122 3047 Dulee
1163 2989 1257 3047 est
1298 2982 1584 3064 desipere
1623 2979 1689 3042 in
1730 2977 1883 3040 loeo.

1498 3339 1674 3404 XIII.

1414 3489 1501 3546 AD
1536 3484 1765 3545 LYCEN.

777 3606 1157 3716 Audivere,
1200 3638 1391 3719 Lyce,
1433 3635 1501 3700 di
1543 3653 1685 3698 mea
1726 3637 1891 3709 vota,
1933 3626 2074 3712 plus

855 3739 1057 3815 Quam
1099 3733 1414 3812 audivere,
1457 3732 1654 3814 Lyee!
1699 3731 1875 3795 Cana
1916 3727 2042 3808 iam
2086 3742 2155 3788 es
2198 3723 2262 3782 et
2303 3723 2532 3784 tamen
