2946 4583
1215 408 1370 481 ΜΒ.
1413 421 1462 495 1,
1507 424 1562 482 7.
1951 396 2093 518 55²⁴*
2258 437 2296 495 9

1313 611 1450 677 VII.

860 753 947 808 AD
982 753 1318 812 mmmmm
1354 757 1673 819 PhANcml.

602 884 659 934 In
696 884 857 935 rebus
894 887 1088 950 iniquis
1124 901 1229 939 non
1264 902 1387 941 esse
1424 892 1847 962 desperandum3
1879 902 2024 954 brevi
2061 906 2200 955 enim

601 970 840 1026 tempora
873 974 1128 1018 mutatum
1166 971 1246 1021 iri.

402 1118 808 1223 Laudabunt
847 1157 984 1243 alii.
998 1156 1232 1225 claram
1275 1163 1539 1230 Rhodon
1582 1177 1693 1235 aut
1734 1173 2076 1256 Mitylenen

521 1252 650 1315 Aut
688 1251 984 1334 Epheson
1028 1255 1368 1323 bimarisve
1408 1261 1695 1330 Corinthi

398 1348 646 1412 Moenia
687 1347 788 1411 vel
832 1348 1078 1414 Baccho
1126 1352 1378 1420 Thebas
1421 1360 1523 1423 vel
1564 1363 1860 1444 Apolline
1901 1368 2180 1452 Delphos

521 1444 811 1525 Insignes
849 1453 958 1509 aut
999 1447 1309 1531 Thessala
1351 1454 1607 1539 Tempe.
2338 1476 2378 1534 4

399 1542 559 1607 Sunt
599 1541 821 1622 quibus
861 1561 1054 1607 unum
1096 1565 1252 1627 opus
1295 1557 1391 1613 est
1430 1551 1703 1620 intactae
1745 1558 2021 1624 Palladis
2062 1565 2276 1630 urbem

520 1639 817 1703 Carmine
858 1646 1154 1722 perpetuo
1195 1643 1511 1710 celebrare
1555 1657 1617 1713 et
2044 1707 2049 1711 .

397 1733 664 1799 Unctam
707 1733 1092 1818 quadrupedi
1139 1739 1282 1804 forti
1325 1739 1714 1826 praeponere
1755 1748 2001 1815 olivam.

520 1831 796 1895 Plurima
838 1831 935 1895 cui
978 1832 1247 1900 Junonis
1291 1838 1603 1921 honestae,
2156 1891 2161 1895 ·
2339 1862 2380 1920 8

399 1927 633 2010 Aptum
653 1927 840 1990 ,dicet
883 1928 1057 2009 equis
1098 1932 1308 2015 Argos
1350 1936 1634 2020 ditesque
1675 1940 1992 2022 Mycenas.

523 2025 626 2088 Me
665 2041 784 2086 nec
823 2030 953 2086 tam
996 2026 1241 2106 patiens
1282 2031 1714 2099 Lacedaemon

400 2122 532 2186 Nec
572 2128 700 2184 tam
742 2119 1039 2184 Larissae
1082 2128 1385 2206 percussit
1427 2148 1683 2212 campus
1725 2135 1988 2216 opimae,

520 2214 721 2290 Quam
765 2214 985 2279 domus
1025 2220 1350 2285 Albuneae
1391 2226 1741 2289 resonantis
2304 2241 2383 2301 12

401 2314 484 2376 Et
523 2330 823 2394 praeceps
864 2313 1028 2376 Anio
1075 2333 1150 2377 ac
1192 2318 1451 2383 Tiburni
1497 2320 1735 2387 luculus
1777 2325 2025 2406 uda„et,

522 2409 707 2472 Molle
752 2407 856 2470 ubi
897 2407 1031 2488 fles,
1075 2414 1359 2493 pomaria
1401 2416 1575 2480 rivis.

401 2506 554 2569 Ater
596 2511 663 2567 ut
704 2505 964 2570 obscuro
1006 2506 1291 2589 deterget
1331 2511 1547 2576 nubila
1589 2515 1760 2579 coelo
1803 2522 1865 2581 et
2072 2562 2081 2570 -

525 2600 687 2664 Alba
727 2601 926 2665 Notus
967 2623 1169 2685 neque
1210 2609 1476 2687 parturit
1515 2609 1745 2674 imbres
2306 2624 2382 2684 16

402 2699 763 2779 PerpetuOS,
805 2697 895 2760 sic
935 2706 1003 2762 tu
1047 2702 1296 2783 sapiens
1337 2705 1515 2770 finire
1557 2713 1865 2771 memento

525 2794 869 2858 Tristitiam
915 2805 1256 2879 gustusque
1297 2800 1577 2864 laborum

404 2889 576 2971 Sopi,
617 2890 868 2968 Plance,
912 2911 1107 2978 mem,
1144 2906 1256 2959 seu
1300 2902 1361 2960 te
1401 2895 1739 2978 flagrantia
1780 2901 1972 2981 nugis

529 2986 752 3049 Castra
793 2994 1016 3065 terent,
1060 3007 1169 3052 seu
1213 2991 1409 3055 densa
1451 2993 1687 3056 tenebit
2302 3003 2383 3062 20

405 3080 656 3144 Tiburis
696 3084 915 3146 umbra
959 3084 1066 3147 tui.
1152 3088 1392 3149 Teucer
1435 3088 1753 3150 Salamina
1797 3096 2158 3174 patremque

530 3175 730 3250 Quum
775 3177 1041 3261 fugeret,
1085 3186 1293 3245 tamen
1337 3184 1464 3247 uda
1506 3184 1722 3265 Lyaeo

404 3270 717 3352 Tempora
758 3278 1025 3359 populea
1067 3277 1259 3341 fertur
1301 3278 1581 3344 vinxisse
1622 3298 1871 3361 corona,

527 3366 650 3429 Sic
674 3371 880 3435 tristes
923 3373 1148 3437 affatus
1189 3375 1448 3439 amicos:
2058 3373 2063 3380 ⁴
2302 3389 2382 3450 24

410 3461 573 3537 ”Quo
618 3484 729 3529 nos
771 3485 1033 3549 cumque
1073 3468 1230 3534 feret
1272 3470 1488 3535 melior
1532 3472 1809 3574 fortuna*
1825 3483 2100 3558 parente,

535 3561 833 3641 Vivimus,
878 3584 914 3627 o
958 3567 1103 3629 socii
1150 3568 1549 3647 comitesque!
