2946 4583
1160 428 1317 495 LIB.
1359 429 1443 509 H,
1488 435 1585 495 16.
2202 438 2278 499 57

624 607 792 673 Num
833 608 1040 691 spissa
1078 607 1270 673 ramis
1310 608 1531 676 laurea
1572 612 1869 694 pervicax

556 709 559 710 ’
624 704 933 770 Excludet
973 706 1171 771 ictus?
1214 708 1357 772 Non
1397 708 1488 774 ita
1528 709 1775 774 Romuli

711 803 1175 886 Praescriptum
1218 813 1281 871 et
1320 806 1554 871 intonsi
1593 806 1851 874 Catonis

791 901 1108 986 Auspiciis
1147 911 1552 987 veterumque
1590 924 1829 971 norma.
2292 909 2371 971 12

632 1083 939 1150 Probatus
980 1084 1105 1150 illis
1146 1103 1369 1151 census
1411 1091 1553 1150 erat
1592 1086 1821 1153 brevis-

634 1183 792 1249 Cum
834 1188 1045 1248 mente
1084 1202 1344 1266 magna:
1389 1182 1714 1249 nulladum
1755 1192 1823 1252 at
1862 1186 2191 1268 impotens,

718 1280 963 1345 Mutata
1003 1280 1237 1363 aprica,
1279 1300 1426 1345 mox
1466 1298 1667 1365 opaca
1764 1264 1790 1286 ‘

801 1377 1086 1442 Porticus
1128 1377 1482 1462 excipiebat
1521 1385 1720 1458 artus3
2301 1385 2382 1445 16

640 1559 774 1624 Nec
813 1556 1025 1623 cortici
1057 1550 1281 1642 'aptum
1326 1577 1622 1643 spernere
1662 1560 2001 1646 caespitem

641 1655 861 1721 Gratis
900 1654 1211 1735 sinebant,
1255 1662 1321 1720 ut
1361 1656 1539 1739 prius
1580 1654 1783 1722 aulico

729 1752 994 1837 Sumptu
1017 1752 1320 1836 jubentes
1362 1759 1425 1819 et
1466 1754 1725 1820 deorum

811 1851 1079 1934 Templa
1117 1870 1282 1918 novo
1325 1850 1623 1920 decorare
1663 1872 1836 1918 saxo.

1276 2230 1472 2295 *XVL

982 2378 1066 2435 Al)
1101 2376 1439 2436 POMPEJUM
1475 2377 1834 2436 GRGSPRUM.

583 2447 837 2559 Otium
876 2491 1038 2557 ruris
1077 2497 1262 2558 vocat
1301 2492 1539 2577 impetu
1580 2493 1795 2558 Austri

577 2590 855 2656 Prensus
896 2590 1174 2673 Aegae0‚
1217 2588 1402 2654 simul
1442 2596 1585 2655 atra
1625 2590 1827 2656 nubes

582 2686 880 2755 Condidit
918 2687 1131 2751 lunam
1174 2706 1375 2771 neque
1416 2693 1589 2755 certa
1631 2687 1874 2771 fulgent

789 2785 1032 2866 Sidera,
1073 2793 1303 2865 nauta37
1671 2809 1678 2823 ·
2369 2787 2407 2846 4

583 2967 795 3034 Otium
837 2966 973 3032 vult
1012 2966 1159 3033 aula
1199 2938 1460 3051 narasse
1501 2965 1801 3048 Thraces,

585 3063 796 3131 Otium
838 3064 1009 3130 Medi
1051 3064 1345 3149 pharetra
1387 3065 1618 3144 decori,

588 3162 896 3246 Grospho,
939 3182 1065 3227 non
1109 3162 1275 3244 quod
1318 3167 1439 3225 stet
1483 3159 1720 3243 gemitu
1762 3157 2223 3240 impetrandum
2265 3161 2377 3222 aut

713 3262 1000 3344 Purpura
1041 3263 1106 3323 et
1145 3257 1357 3383 armis.
2375 3256 2416 3316 8

592 3442 736 3512 Non
781 3440 949 3505 enim
991 3457 1194 3522 gazae
1235 3456 1438 3520 neque
1480 3436 1831 3503 consularis

597 3538 961 3603 Summovet
999 3536 1178 3601 lictor
1220 3538 1481 3603 miseros
1521 3534 1818 3601 tumultus

596 3635 826 3702 Mentis
869 3641 932 3700 et
972 3653 1154 3700 curas
1195 3634 1487 3718 laqueata
1528 3633 1758 3699 circum

592 3732 609 3807 ᾗ
727 3731 921 3799 Tecta
963 3731 1264 3797 volantes.
2355 3725 2427 3785 12
