2946 4583
597 1160 603 1167 ,
894 1016 975 1152 0.
1046 1011 1435 1132 nolimu
1508 1012 1823 1131 initu
2135 1178 2140 1183 ἢ

565 1233 1264 1326 CARMINUM
1355 1235 2132 1327 LYRICORUM

1036 1452 1288 1517 LIBER
1332 1450 1663 1516 PRIMUS.

1320 1699 1367 1760 I.

1066 1859 1153 1913 AD
1191 1857 1644 1915 MAECENATEM.

500 1992 602 2042 Cur
636 1990 901 2054 HoratiuS‚
940 2003 1097 2054 quum
1134 2005 1231 2054 per
1266 1993 1467 2043 litteras
1507 1992 1751 2043 Caesaris
1774 1984 1841 2042 ad
1873 1994 2227 2043 Maecenatem
2259 1991 2354 2041 da-

362 2075 446 2120 tas
477 2070 661 2132 jussus
700 2074 846 2122 esset
884 2085 957 2136 „a
981 2074 1299 2125 Maecenatis
1336 2072 1623 2135 parasitica
1659 2083 1846 2122 mensa
1885 2072 1952 2125 ad
1979 2072 2359 2124 octavianire-

364 2152 506 2213 giam
529 2151 791 2213 -venire‚“
828 2157 883 2204 ut
921 2153 1114 2205 deinde
1151 2154 1417 2203 convictor
1448 2153 1697 2203 Caesaris
1736 2153 1906 2204 factus
1942 2154 2117 2223 ipsum
2149 2154 2203 2204 in
2241 2154 2357 2215 epi-

366 2233 518 2284 stolis
557 2232 851 2285 scribendis
890 2235 1166 2297 adjuvaret
1216 2236 1394 2296 (Suet.
1433 2234 1531 2284 vit.
1586 2234 1764 2297 Hor.]‚
1821 2233 2056 2285 oblatum
2099 2236 2355 2285 honorem

368 2316 611 2376 accipere
648 2316 799 2367 nolit»
865 2318 1131 2378 Scriptum
1185 2323 1268 2367 est
1319 2328 1534 2367 carmen
1589 2326 1692 2378 quo
1729 2321 1969 2378 tempore
2020 2315 2356 2374 caesariam

367 2397 571 2459 aliquot
607 2397 819 2457 '’paria”
856 2399 1133 2449 consulum
1170 2395 1605 2452 ’issobilitaveraffl
1653 2397 1729 2459 (v.
1766 2397 1848 2460 7),
1886 2409 1947 2447 se
1984 2396 2159 2457 ipsum
2192 2396 2359 2446 colle-

363 2488 485 2538 gam
523 2478 732 2538 petitori
770 2477 1025 2539 adjiciens
1061 2478 1409 2540 ('’certantem
1446 2477 1758 2539 geminans'’
1795 2490 1846 2527 v.
1879 2476 1957 2539 8),
1982 2481 2035 2527 et
2063 2479 2352 2539 antequam

365 2558 615 2609 Horatius
658 2570 786 2620 agro
822 2559 1013 2613 Sabino
1053 2561 1276 2611 donatus
1316 2563 1398 2610 est
1432 2558 1532 2620 (cf.
1573 2558 1656 2619 111,
1696 2558 1776 2620 16,
1821 2557 1882 2607 18
1915 2561 2026 2622 sq).

575 2669 965 2782 MaeeenaS,
1008 2702 1212 2781 video,
1254 2710 1384 2766 tam
1427 2701 1600 2766 edita
1641 2703 1824 2783 regia

565 2800 745 2879 Quod
789 2800 896 2864 det
936 2800 1319 2883 praesidium
1361 2806 1425 2863 et
1469 2798 1656 2879 quale
1699 2797 1906 2860 decus.
1952 2798 2192 2861 Tamen

571 2900 731 2964 Sunt
772 2914 926 2979 quos
969 2897 1274 2962 curriculo
1313 2896 1377 2960 in
1421 2891 1742 2978 pulverem
1784 2893 2182 2977 Olympicum

565 2996 742 3061 Colla
783 2994 991 3077 egisse
1031 2994 1165 3077 jugi
1207 2999 1497 3073 metaque
1539 2989 1798 3055 fervidis
2321 2998 2358 3054 4

568 3095 880 3157 Intentata
922 3092 1070 3156 rotis
1114 3090 1446 3174 palmaque
1488 3097 1676 3153 ovata
1717 3087 1859 3167 fert,

567 3190 703 3265 Quo
746 3188 1005 3253 dulcedo
1048 3189 1289 3251 animos
1332 3184 1542 3249 evehit
1583 3187 1665 3250 ad
1712 3186 1861 3250 deos

569 3285 750 3362 Huic,
790 3286 844 3349 si
885 3321 967 3332 --
1010 3283 1217 3348 nobile
1259 3282 1400 3365 par!
1447 3319 1523 3327 —
1570 3283 1716 3347 aula
1757 3281 2087 3358 Quiritium

567 3383 922 3446 Certantem
964 3382 1293 3462 geminans
1335 3381 1494 3445 tollit
1536 3380 1899 3445 honoribus:
2320 3381 2359 3439 8

573 3477 686 3541 Illi
734 3481 787 3543 si
833 3478 1150 3561 proprium
1198 3478 1428 3557 condit,
1470 3485 1540 3542 ut
1582 3476 1752 3541 haud
1798 3493 1958 3551 reue,

563 3573 883 3656 Quidquid
925 3577 1004 3640 de
1047 3576 1300 3657 Libycis
1344 3595 1592 3640 versum
1635 3576 1795 3637 ierat
1837 3573 1978 3636 reis.

567 3671 963 3736 Gaudentem
1008 3673 1191 3754 patrii
1235 3672 1541 3737 scandere
1584 3670 1861 3734 surculos

639 3768 890 3820 Horatius
927 3770 1005 3821 ed.
1042 3767 1363 3834 Ljunybery.
2055 3769 2079 3814 l
