2946 4583
592 1338 673 1398 20

589 1725 671 1786 24

590 2113 672 2173 28

590 2501 671 2563 32

590 2891 670 2950 36

1411 381 1568 444 LIB.
1612 382 1662 459 Ι,
1705 384 1762 444 2.

794 560 953 642 Agri
995 564 1064 623 tu
1103 559 1390 623 Attalicis
1432 558 1890 623 conditionibus
2509 565 2586 625 12

793 657 1070 721 Muleens
1114 674 1193 720 ne
1235 673 1509 731 moveas,
1553 660 1619 717 ut
1662 655 1838 719 trabe
1879 655 2115 739 Cypria
2346 697 2355 703 -

793 754 1124 834 Mergendi
1168 772 1237 816 se
1278 752 1532 817 avidum
1576 758 1766 815 nauta
1809 759 1975 816 secet
2016 771 2205 816 mare.

793 850 1083 913 Luctanti
1125 850 1340 913 Icariis
1381 848 1670 912 fluetibus
1716 848 1939 931 hospiti

790 947 1111 1010 Mittamus
1151 946 1445 1011 monitus:
1492 946 1741 1010 ”ostium
1785 946 1887 1009 ubi
1933 945 2128 1010 artius
2508 951 2585 1011 16

788 1043 1101 1109 Claudunt
1141 1062 1308 1118 rura,
1351 1043 1519 1121 subi;
1561 1063 1707 1107 mox
1749 1044 1949 1126 religa
1991 1049 2188 1107 ratem

791 1141 1118 1223 Quassam,
1166 1141 1483 1205 difficilem
1524 1140 1821 1223 pauperie
1862 1141 2114 1222 magis”.

791 1238 859 1302 Si
903 1238 1042 1318 quis
1084 1256 1200 1303 nee
1241 1239 1475 1303 veteris
1516 1239 1739 1321 poeula
1781 1238 2032 1302 Massici

796 1335 928 1399 Neo
969 1342 1209 1415 partem
1254 1335 1452 1401 solido
1497 1335 1747 1400 demere
1791 1335 1870 1399 de
1913 1335 2016 1400 die

790 1431 1061 1512 Spernit,
1104 1451 1271 1496 nune
1311 1433 1504 1497 viridi
1548 1433 1830 1497 membra
1869 1432 1983 1496 sub
2027 1432 2248 1498 arbuto

788 1527 1054 1606 Stratus,
1097 1547 1261 1592 nune
1302 1529 1386 1593 ad
1427 1549 1630 1612 aquae
1672 1532 1811 1594 lene
1854 1537 2070 1612 eaput3
2112 1532 2267 1596 satis

790 1625 977 1688 Hune
1018 1645 1166 1690 num
1211 1634 1420 1692 eastra
1452 1626 1677 1708 juvent
1719 1633 1781 1690 et
1823 1628 1973 1691 lituo
2017 1628 2204 1692 tubae

793 1722 1147 1786 Permixtus
1190 1724 1428 1789 sonitus
1471 1723 1758 1804 bellaque
1800 1724 2066 1789 Martia?
2110 1744 2192 1787 an

793 1854 874 1866 —
916 1819 1013 1882 Te
1054 1824 1247 1883 testor
1290 1857 1367 1866 —
1412 1827 1664 1885 maneat
1706 1821 1820 1885 sub
1863 1825 2017 1885 Jove
2056 1817 2309 1901 frigido,

793 1914 1083 1992 Venator,
1125 1920 1376 1981 tenerae
1417 1918 1700 2000 conjugis
1742 1918 2082 1994 immemor,

741 2048 748 2055 ι
787 2012 956 2076 Dum
999 2011 1166 2076 vieta
1208 2021 1303 2078 est
1344 2015 1533 2078 eatuli
1576 2033 1763 2079 cerva
1804 2013 1929 2077 fide
1969 2014 2156 2091 oeior,

795 2109 962 2173 Dum
1005 2116 1301 2192 ruptasve
1342 2112 1454 2176 luit
1499 2132 1739 2179 morsus
1781 2130 1932 2196 aper
1973 2108 2241 2194 plagas?

791 2207 877 2270 Mi
918 2205 1245 2273 doctarum
1289 2209 1555 2276 hederas
1596 2211 1877 2294 praemia
1919 2207 2212 2273 frontium

788 2304 871 2369 Di
916 2312 1265 2370 monstrant
1306 2308 1544 2390 superi;
1589 2327 1690 2371 me
1731 2308 2006 2389 gelidum
2051 2321 2271 2369 nemus

791 2400 1282 2483 Umbrarumque
1324 2403 1518 2487 lepos,
1560 2422 1684 2484 qua
1724 2422 1902 2468 saoer
1945 2422 2104 2481 erro,
2145 2402 2314 2465 alent

800 2496 915 2561 Sat
957 2497 1264 2578 grandem
1307 2500 1374 2565 in
1418 2501 1667 2584 populo,
1709 2501 1764 2565 si
1805 2517 2006 2581 neque
2046 2497 2235 2564 tibias

787 2596 1066 2676 Euterpe
1109 2595 1238 2659 has.
1266 2596 1513 2662 cohibet
1554 2616 1670 2663 nee
1709 2596 2133 2680 Polyhymnia

787 2691 1095 2755 Lesboam
1138 2691 1375 2774 refugit
1413 2698 1672 2762 tendere
1714 2695 2018 2760 barbiton.

786 2788 952 2865 Quid
998 2791 1135 2868 sim,
1179 2811 1279 2856 me
1320 2793 1537 2858 melior
1577 2814 1694 2860 vas
1735 2801 1822 2872 tu,
1865 2792 1970 2857 ubi
2011 2790 2155 2868 seis,
2196 2785 2346 2852 eris:

794 2885 925 2951 Sub
965 2884 1155 2954 limen
1199 2890 1329 2955 fero
1371 2889 1496 2971 jam
1538 2891 1748 2959 sidera
1788 2892 2047 2959 vertiee.

1542 3269 1622 3331 II.

1108 3428 1191 3484 AD
1229 3427 1571 3485 CAESAREM
1605 3427 2035 3488 ocrAleNUM.

730 3531 933 3583 Gaudet
968 3529 1143 3593 poeta,
1175 3529 1284 3592 jam
1324 3541 1390 3580 ex
1425 3529 2015 3592 tenebris-temporum,
2056 3541 2192 3591 quae
2221 3528 2438 3579 caedem
2458 3528 2581 3579 Julii

598 3612 843 3664 caesaris
880 3612 1118 3662 insecuta
1156 3613 1358 3672 essent,
1416 3611 1658 3662 illuxisse
1714 3615 1767 3663 et
1810 3611 1955 3662 ‚lovis
1990 3610 2130 3660 dono
2167 3609 2352 3660 ducem
2390 3609 2584 3660 Roma-

597 3693 679 3742 nis
718 3694 939 3743 missum
976 3704 1098 3743 esse
1135 3691 1274 3743 haud
1312 3692 1477 3742 dubie
1515 3691 1736 3743 deorum
1793 3690 2021 3754 aliquem
2060 3690 2451 3752 immortalium,
2491 3689 2580 3751 qui

596 3773 695 3824 sub
731 3784 962 3836 persona
995 3771 1257 3827 octaviani
1291 3774 1472 3825 lateat.
