2946 4583
726 443 777 500 X

644 648 790 719 que
869 621 1152 696 laboris
1231 622 1383 696 mei
1488 622 1915 734 adjutorem
2018 624 2253 737 ullum
2345 625 2627 701 inveni.

641 721 927 796 Contra
977 732 1244 796 nactus
1300 746 1469 795 sum
1507 721 2102 819 vituperatorem
2130 723 2440 798 minime
2470 727 2628 800 lau-

638 821 994 916 dabilem,
1074 821 1591 920 professorem
1642 821 2132 894 Lundensem
2211 825 2287 897 J.
2346 825 2432 899 G.
2490 826 2626 919 Ek,

639 919 770 1016 qui
823 946 1053 1018 quum
1108 932 1486 994 errantem
1565 920 1881 994 meliora
1959 922 2232 994 docere
2289 923 2625 1020 deberet,

634 1019 826 1094 nihil
880 1020 1086 1094 aliud
1141 1046 1367 1132 quam
1419 1018 1549 1112 ibi,
1605 1018 1735 1092 ubi
1799 1019 1964 1117 ipse
2019 1021 2280 1132 lapsus
2323 1034 2462 1118 est,
2504 1050 2623 1096 me

636 1118 1002 1192 conviciis
1058 1118 1422 1192 oneravit.
1513 1117 1852 1193 Primum
1906 1119 2462 1231 malignissime
2502 1149 2622 1196 me

631 1218 920 1314 irridet,
985 1219 1189 1315 quod
1250 1216 1613 1291 brevibus
1669 1217 1808 1290 alis
1862 1218 2088 1290 nimis
2130 1221 2279 1292 alte
2319 1222 2622 1295 evolare

628 1317 1103 1391 studuissem
1157 1315 1503 1432 (<‹ci'tlo‘jets
1566 1321 1793 1416 εἴωθ’,
1842 1321 1978 1418 fo‘r
2045 1320 2159 1391 det
2211 1347 2384 1392 man
2435 1323 2623 1393 velat

619 1418 825 1515 flyya
903 1418 1117 1514 hoqre
1197 1426 1295 1488 ἄη
1370 1416 1724 1527 viotyarne
1779 1419 1993 1490 bo'ira«
1961 1413 2052 1507 «).
2157 1416 2619 1515 Videndum,

628 1540 724 1586 ne
780 1515 1049 1587 eodem
1080 1513 1448 1587 cachinno
1479 1514 1960 1613 incorruptae
1998 1515 2253 1589 riserit
2280 1518 2618 1592 studium

623 1611 930 1685 virtutis
985 1611 1536 1709 religionisque
1592 1639 1678 1686 ac
1725 1614 2216 1711 pulchrorum
2257 1617 2616 1713 omnium,

618 1737 820 1808 quae
902 1736 1199 1785 summa
1277 1710 1495 1823 sequi
1597 1738 1752 1785 non
1854 1712 2105 1786 minus
2210 1716 2618 1791 honestum

615 1836 853 1907 quam
908 1811 1286 1906 attingere
1365 1810 1900 1924 inconcessum
1964 1814 2410 1889 mortalibus
2475 1828 2618 1891 081

621 1909 782 1984 Sed
834 1910 1077 1983 fateor
1132 1910 1356 2007 culpa
1409 1908 1702 2005 ingenii
1755 1909 1905 1983 mei
1958 1911 2242 1986 factum
2297 1939 2494 2011 esse,
2533 1928 2619 1990 ut

619 2008 854 2105 longe
934 2008 1129 2085 infra
1208 2019 1509 2107 optatos
1575 2008 1824 2082 exitus
1907 2010 2439 2104 subsisterem;
2503 2026 2616 2088 ta-

623 2133 797 2181 men
849 2107 969 2202 iis,
1026 2107 1156 2205 qui
1210 2109 1361 2182 alta
1411 2133 1509 2181 ne
1565 2107 1954 2207 suspicere
1997 2109 2302 2222 quidem
2335 2125 2618 2209 queant

620 2232 867 2305 neque
923 2205 1338 2306 quidquam
1392 2208 1592 2280 ultra
1644 2208 1925 2304 vulgus
1969 2209 2611 2306 magistrorumve

615 2306 854 2380 veiba
929 2332 1202 2404 sapere
1283 2306 1636 2402 audeant,
1716 2334 1870 2418 non
1949 2308 2278 2383 invideo.
2385 2312 2613 2386 Prae·-

616 2417 828 2478 terea
888 2406 1255 2480 honestos
1294 2404 1541 2479 habeo
1582 2405 1832 2478 socios
1865 2408 2349 2482 calamitatis:
2383 2410 2612 2486 etiam

619 2503 1163 2580 doctissimus
1144 2503 1968 2601 ingeniosissimusque
2010 2506 2150 2601 vir,
2181 2507 2609 2584 Richardus

618 2603 1036 2716 Bentlejus,
1089 2602 1280 2677 risui
1331 2602 1716 2678 nonnullis
1781 2603 1999 2676 fuit.
2053 2604 2275 2695 Quod
2331 2608 2426 2681 de
2480 2636 2611 2684 au-

620 2701 839 2776 dacia
892 2727 1061 2777 mea
1112 2702 1405 2800 priores
1464 2702 1768 2777 01111008
1823 2703 2054 2801 longe
2099 2720 2564 2805 superante
2545 2704 2605 2803 ⁰³)

700 2915 761 2991 ¹¹³)
805 2916 943 2976 Post
986 2915 1261 2990 ejusmodi
1302 2916 1371 2973 de
1414 2932 1502 2974 me
1553 2914 1938 2978 testimonium
1991 2918 2332 2977 admiramur
2386 2921 2606 2993 sagaci-

613 3000 791 3057 tatem
853 2998 998 3060 Ekii‘
1050 2996 1577 3068 arbit1·antiS,nisi
1654 2996 1773 3070 ipse
1837 2998 1898 3055 in
1949 2999 2192 3057 medium
2234 3002 2608 3074 procurrisset

615 3097 783 3156 seque
837 3082 1009 3155 longe
1074 3079 1249 3138 alium
1312 3095 1435 3138 esse
1509 3079 1812 3137 ostendens
1852 3081 2127 3176 pericqu
2175 3082 2604 3156 intercessisset,

614 3163 781 3223 facile
823 3163 1076 3222 futurum
1116 3161 1310 3233 fuisse,
1353 3164 1418 3220 ut
1459 3162 1743 3220 nostrates
1793 3161 2070 3237 philologi
2111 3164 2173 3222 in
2215 3166 2427 3223 malam
2456 3129 2605 3261 apud

616 3245 917 3319 magistros
982 3241 1290 3306 Germanos
1362 3245 1775 3304 adducerentur
1844 3245 2244 3319 suspicionem,
2315 3249 2479 3321 quasi
2540 3249 2603 3307 in

614 3328 803 3400 quieto
868 3329 1037 3385 antea
1100 3326 1455 3384 Suecicorum
1547 3325 1869 3383 criticorum
1941 3327 2108 3385 choro
2172 3330 2291 3387 tam
2363 3332 2602 3390 audaces

615 3425 801 3472 rerum
844 3410 1182 3479 turbatoreS‚
1225 3408 1409 3481 qualis
1454 3423 1560 3481 ego
1603 3423 1750 3465 unus
1791 3423 1915 3467 esse
1957 3410 2275 3484 perhibeor,
2301 3413 2422 3487 jam
2452 3429 2530 3487 gr
2541 3430 2598 3471 0-

613 3491 832 3564 gatim
874 3491 1036 3552 nasci
1085 3491 1271 3564 coepti
1312 3492 1504 3550 essent
1547 3489 1670 3564 (Ἢ
1712 3488 1794 3548 ha
1842 3492 2003 3552 velat
2046 3494 2303 3566 inzoeqqa
2348 3513 2425 3554 en
2454 3510 2601 3566 pro-

612 3576 724 3632 test
761 3576 877 3631 mot
922 3574 1037 3632 den
1077 3573 1624 3645 foresmllninqen,
1670 3572 1873 3631 scisom
1915 3575 2114 3636 skulle
2159 3575 2326 3636 Herr
2355 3576 2599 3649 Muny-

613 3655 786 3726 berqs
852 3656 1046 3716 arbete
1111 3655 1389 3714 beteckna
1457 3655 1575 3716 den
1638 3654 1900 3717 kritiska
1972 3659 2423 3731 standpomlaten
2488 3657 2599 3717 hoe

616 3734 891 3808 Sveraetyes
938 3736 1359 3810 Phizozoqeff).
