2946 4583
698 422 780 484 86
1380 425 1540 492 LIB.
1581 426 1695 509 111,
1736 432 1839 494 13.

783 599 978 665 Simul
1021 601 1186 666 hunc
1226 604 1343 683 vis,
1386 608 1702 674 Tiberinis
1746 610 2034 676 humeros
2075 612 2181 695 qui
2221 611 2392 679 levat
2410 616 2611 683 undis

784 698 992 778 Eques
1034 700 1171 780 ipso
1212 701 1430 767 melior
1472 704 1952 790 Bellerophonte
1992 728 2068 774 ac
2118 727 2320 791 neque
2381 732 2611 797 pugno

617 798 658 857 9
782 795 999 877 Neque
1040 800 1254 880 segnis
1295 801 1457 883 pede
1499 802 1720 883 victuS,

780 977 982 1043 Vacat
1024 978 1171 1043 heu!
1217 989 1346 1045 tum
1389 1003 1501 1066 per
1543 991 1825 1068 apertum
1870 985 2181 1068 fugientes
2224 990 2465 1073 agitato

782 1074 994 1157 Grege
1037 1096 1252 1144 cervos
1285 1079 1551 1163 jaculari
1595 1087 1658 1145 et
1698 1080 1860 1147 calet
1900 1092 2036 1154 arto
2078 1086 2424 1155 latitantem

621 1172 698 1233 12
779 1171 1093 1240 Fruticeto
1135 1177 1427 1260 excipere
1469 1196 1709 1261 aprum.

1518 1332 1682 1341 ——..

1513 1541 1686 1605 XIII.

1090 1751 1095 1756 Ι
1209 1685 1296 1740 ΑΙ)
1332 1687 1587 1743 FONTEM
1622 1688 2002 1747 BANDUSIAE.

814 1791 912 1901 O
956 1828 1097 1894 fons
1139 1831 1518 1911 Bandusiae,
1561 1834 1948 1917 splendidior
1992 1839 2174 1919 vitm,

813 1927 998 1991 Dulci
1040 1926 1234 2010 digne
1275 1949 1444 1994 mero
1488 1950 1611 1994 non
1655 1933 1791 1998 sine
1830 1933 2116 2016 floribus3

895 2026 1052 2091 Cras
1094 2024 1427 2090 donaberis
1470 2026 1673 2093 haedo

615 2125 655 2184 4
978 2122 1095 2187 Cui
1137 2121 1307 2187 frons
1349 2125 1604 2206 turgida.
1644 2130 1934 2195 cornibus

810 2303 1040 2369 Primis
1080 2310 1144 2368 et
1186 2321 1481 2369 venerem
1524 2314 1588 2371 ct
1627 2310 1867 2390 proelia
1908 2313 2200 2379 destinat.

813 2400 1103 2480 Frustra3
1144 2420 1290 2465 nam
1335 2401 1575 2484 lepidos
1616 2404 1851 2472 inficiet
1892 2410 2009 2481 tibi

974 2496 1186 2562 Rubro
1229 2501 1540 2580 sangvine
1582 2503 1752 2569 rivos

615 2597 655 2656 8
976 2593 1228 2660 Lascivi
1271 2595 1519 2663 suboles
1561 2601 1795 2682 gregis.

813 2774 909 2838 Te
949 2772 1279 2856 flagrantis
1320 2784 1504 2841 atrox
1548 2777 1701 2843 hora
1743 2780 2081 2846 Caniculae

818 2870 1032 2934 Nescit
1073 2877 1354 2954 tangere,
1396 2881 1463 2937 tu
1506 2872 1706 2956 frigus
1748 2877 2018 2942 amabile

897 2966 1112 3031 Fessis
1155 2988 1407 3033 vomere
1449 2971 1645 3034 tauris

485 3089 488 3092 ⁴
619 3064 700 3124 12
979 3062 1251 3128 Praebes
1295 3072 1360 3130 et
1400 3067 1611 3150 pecori
1654 3088 1838 3150 vago.

815 3241 969 3315 Fies
1005 3243 1305 3308 nobilium
1346 3253 1415 3310 tu
1455 3265 1698 3329 quoque
1737 3250 2019 3329 fontium,

811 3338 914 3402 Me
953 3338 1198 3403 dicente
1239 3343 1411 3406 cavis
1450 3342 1804 3426 impositam
1848 3348 2051 3415 ilicem

899 3434 1108 3515 Saxis,
1150 3438 1319 3503 unde
1359 3439 1648 3521 loquaces

621 3534 702 3593 16
982 3531 1312 3616 Lymphae
1353 3535 1649 3602 desiliunt
1689 3546 1851 3605 tuae.

1531 3689 1694 3700 ——.
