2946 4583
637 393 719 452 24
1189 455 1201 486 <
1346 336 1597 481 LIBJL
1639 391 1738 455 22.
1784 350 1823 379 *⁶

879 564 1096 646 Nigris
1139 571 1247 630 aut
1287 564 1670 646 Erymanthi
1736 614 1739 619 -

557 665 597 722 8
961 660 1153 726 Silvis
1194 667 1303 729 aut
1343 659 1566 727 viridis
1607 662 1819 744 Gragi.

763 841 893 905 Vos
933 839 1175 922 Tempe
1214 838 1473 903 totidem
1515 838 1711 902 tollite
1751 839 2045 910 laudibus

757 936 1187 1019 Natalemque,
1229 953 1459 1013 mares,
1500 932 1704 999 Delon
1745 936 2054 1020 Apollinis

884 1034 1331 1114 Insignemque
1372 1031 1668 1114 pharetra
1784 1110 1799 1119 ..

567 1135 648 1195 12
975 1129 1402 1209 Fraternaque
1448 1129 1772 1192 humerum
1817 1130 1979 1212 lyra.

763 1309 848 1372 Hi
890 1306 1131 1372 caelum
1172 1306 1590 1385 lacrimosum,
1635 1305 1700 1369 hi
1740 1306 2033 1373 miseram
2076 1309 2287 1376 infimo

768 1405 1141 1482 Pestemque
1181 1422 1222 1465 a
1263 1404 1490 1487 populo
1533 1409 1595 1466 et
1636 1403 1916 1485 principe
1959 1405 2230 1471 Caesare
2270 1406 2368 1471 in.

884 1500 1112 1563 Persas
1153 1504 1340 1578 atque
1379 1499 1714 1562 Britannos

566 1602 645 1662 16
917 1610 952 1641 π’
973 1594 1201 1659 Vestra
1241 1593 1392 1659 moti
1432 1593 1693 1672 abigent
1735 1612 1937 1674 prece.

1407 1774 1572 1784 ——·-—-

1454 1933 1665 1996 XXII.

1198 2079 1285 2135 AD
1320 2077 1629 2153 ARISTIUM
1662 2077 1916 2134 FUSGUM

1412 2177 1478 2228 dc
1513 2176 1731 2234 Lalage.

869 2253 1141 2367 Integer
1184 2287 1350 2352 vitae
1393 2287 1766 2368 scelerisque
1808 2306 1998 2369 purus

868 2386 1010 2450 Non
1052 2388 1198 2464 eget
1240 2383 1476 2447 Mauris
1506 2382 1736 2463 jaculis
1777 2401 1978 2463 neque
2018 2405 2173 2451 arcu·
2228 2391 2231 2394 ’

868 2481 1002 2545 Nec
1042 2479 1366 2542 venenatis
1408 2477 1678 2560 gravida
1719 2478 1987 2557 sagittis,

575 2587 612 2641 4
953 2574 1176 2653 Fusce‚
1216 2575 1533 2657 pharetra,

879 2818 1029 2881 Sive
1070 2836 1183 2900 per
1226 2819 1449 2900 Syrtes
1492 2818 1608 2880 iter
1652 2823 1996 2898 aestuosas,

874 2914 1024 2978 Sive
1066 2915 1343 2979 facturus
1386 2933 1497 2997 per
1540 2913 1977 2995 inhospitalem

875 3011 1221 3077 Caucasum
1264 3012 1369 3077 vel
1409 3028 1569 3090 quae
1609 3008 1749 3073 loca
1790 3010 2112 3079 fabulosus
2212 3079 2217 3082 γ

578 3112 616 3166 8
958 3107 1209 3173 Lambit
1250 3107 1608 3191 Hydaspes.
2098 3143 2101 3144 ν

879 3354 1163 3432 Namque
1205 3370 1305 3414 me
1348 3352 1510 3415 silva
1551 3352 1730 3434 lupus
1772 3351 1838 3415 in
1883 3352 2139 3428 Sabina,

879 3449 1045 3513 Dum
1088 3466 1289 3511 meam
1332 3455 1516 3512 canto
1562 3447 1844 3529 Lalagen
1888 3460 1950 3512 et
1992 3450 2156 3512 ultra

881 3546 1247 3608 Terminum
1294 3545 1457 3608 curis
1501 3565 1698 3625 vagor
1742 3545 2072 3627 expediti8‚

587 3647 663 3705 12
965 3642 1157 3723 Fugit
1199 3643 1526 3716 inermem3
