2946 4583
591 2754 670 2816 12

587 3224 666 3285 16

575 3691 658 3766 20

698 455 776 514 32

1412 422 1569 516 ΜΒ.
1612 453 1663 530 1,
1705 457 1803 516 31.

880 629 1190 695 Fervidus
1233 638 1434 694 tecum
1476 651 1634 713 puer
1676 638 1738 695 et
1778 634 1995 700 solutis

880 726 1141 792 Gratiae
1183 729 1356 793 zonis
1399 738 1853 812 properentque
1894 732 2228 814 Nymphae
2270 742 2351 811 et,

874 824 1051 902 Quae
1094 830 1188 887 est
1231 845 1449 906 parum
1498 828 1691 891 comis
1735 828 1871 892 sine
1911 837 1995 908 te,
2037 830 2345 894 Juventas

1043 921 1527 1002 Mercuriusque.

1482 1248 1723 1314 XXXI.

1336 1398 1423 1453 AD
1458 1398 1845 1454 APOLLINEM.

1004 1510 1111 1591 uid
1153 1509 1507 1574 dedicatum
1549 1511 1748 1593 poscit
1789 1513 2141 1595 Apollinem

902 1609 1139 1675 Vates?
1181 1607 1346 1684 Quid
1388 1614 1547 1686 orat,
1589 1607 1669 1672 de
1710 1614 1926 1691 patera
1967 1629 2194 1675 novum

991 1705 1291 1770 Fundens
1334 1704 1678 1785 liquorem?
1721 1705 1864 1770 Non
1905 1707 2151 1789 opimae

1074 1803 1404 1868 Sardiniae
1445 1808 1696 1884 segetes
1736 1801 1959 1866 fretum
2002 1803 2111 1880 cis,

865 1983 1005 2048 Non
1047 1988 1374 2047 aestuosae
1417 1988 1619 2045 tracta
1662 1980 1994 2045 Calabriae
2036 1979 2159 2043 huc

864 2083 1182 2156 Armenta,
1226 2097 1349 2141 non
1382 2095 1613 2141 aurum
1656 2081 1765 2139 aut
1806 2076 1959 2139 ebur
2000 2075 2301 2154 Indicum,

983 2177 1125 2242 Non
1166 2195 1332 2254 rura,
1374 2192 1535 2256 quae
1577 2174 1741 2237 Liris
1783 2174 1993 2253 quieta

1067 2272 1315 2338 Mordet
1355 2289 1521 2351 aqua
1561 2271 1904 2336 taciturnus
1946 2268 2165 2335 amnis.

858 2445 1158 2520 Premant
1196 2451 1433 2517 Calena
1479 2454 1542 2514 et
1585 2455 1810 2525 musta,
1853 2447 2075 2527 quibus
2118 2447 2289 2513 dedit

861 2553 1140 2618 Fortuna
1180 2548 1390 2624 vitem,
1433 2545 1613 2610 dives
1654 2545 1736 2610 ab
1772 2544 2008 2608 horreis

982 2650 1290 2712 Mercator
1334 2649 1724 2726 exsugatque
1766 2640 1958 2705 salvis

1061 2743 1229 2809 Vina
1269 2741 1437 2825 Syra
1478 2746 1615 2805 rate
1655 2744 1838 2822 parta
1877 2755 2161 2813 mensae,

851 2928 1100 2992 Decora
1140 2929 1203 2987 et
1221 3001 1225 3005 ‚
1245 2921 1384 3003 ipsi,
1425 2920 1655 3001 quippe
1699 2924 1861 2982 terat
1901 2917 2007 2997 qui
2049 2917 2167 2980 iter

853 3022 1048 3099 Unus,
1090 3018 1416 3083 revincens
1459 3032 1749 3095 aequora,
1790 3010 2179 3104 languidum,

969 3120 1138 3183 Dum
1180 3116 1435 3197 impune
1477 3131 1579 3177 me
1620 3114 1885 3195 pascunt
1926 3109 2152 3187 olivae,

1057 3214 1162 3278 Me
1205 3213 1371 3276 cicur
1413 3230 1539 3277 uva
1580 3209 1873 3289 levesque
1912 3207 2177 3271 malvae.

847 3395 1004 3459 Frui
1047 3390 1289 3475 paratis
1329 3396 1395 3454 et
1435 3389 1646 3454 valido
1688 3389 1864 3467 mihi,

849 3491 1065 3571 Latoe,
1107 3489 1302 3553 dones
1346 3494 1427 3565 et,
1462 3491 1699 3569 precor,
1744 3488 1993 3570 integra

970 3588 1129 3651 Cum
1169 3590 1377 3650 mente
1418 3602 1535 3647 nec
1575 3590 1819 3666 turpem
1865 3587 2179 3664 senectam

1091 3685 1345 3766 Degere
1386 3700 1505 3745 nec
1547 3679 1798 3768 cithara⁴
1832 3684 2162 3749 carentem.
