2946 4583
685 412 764 472 42
1403 417 1562 483 LIB.
1606 419 1687 499 II,
1729 423 1785 486 2.

1550 601 1630 664 II.

1111 743 1197 798 AD
1234 743 1284 799 G.
1325 745 1731 804 SALLUS'l'lUM
1767 748 2061 810 CRISPUM.

801 882 886 990 N
890 919 1052 985 ullus
1094 926 1341 1005 argenti
1383 927 1551 992 color
1593 935 1688 994 est
1729 932 1939 996 avaris

794 1020 1009 1085 Abditi
1054 1024 1257 1102 terris,
1298 1025 1586 1089 inimicus
1628 1026 1793 1107 orbi,

795 1116 1038 1200 Crispe,
1079 1121 1210 1184 sole
1251 1122 1375 1200 icti,
1418 1123 1537 1186 nisi
1582 1131 1887 1208 temperat
1929 1126 1981 1191 si

598 1215 636 1273 4
918 1214 1215 1280 Blandior
1257 1236 1422 1282 usus.

791 1393 940 1457 Vita
981 1401 1152 1459 amat
1194 1406 1407 1463 sancte
1450 1399 1840 1482 Proculejum
1883 1423 2120 1486 egenos

791 1490 1060 1554 Noxium
1104 1492 1168 1555 in
1213 1494 1436 1560 fratres
1480 1498 1673 1561 animi
1716 1501 1991 1581 paterni;

793 1586 995 1651 Vilem
1037 1589 1126 1653 ait
1166 1611 1443 1674 pannum
1488 1595 1745 1659 vetitum
1788 1605 1935 1662 ante
1979 1599 2139 1664 solvi

594 1688 631 1744 8
913 1685 1114 1751 Fama
1156 1698 1488 1772 superstes.

791 1865 1052 1930 Lautius
1093 1886 1322 1950 regnes
1370 1872 1626 1938 avidum
1670 1873 1984 1939 domando

796 1960 1114 2043 Spiritum,
1157 1983 1343 2046 quam
1385 1969 1439 2032 si
1482 1968 1773 2051 Libyam,
1817 1971 2101 2052 migratis

790 2058 1087 2140 LegibuS,
1118 2061 1357 2145 jungas
1401 2072 1463 2130 et
1506 2072 1763 2148 uterque
1811 2066 2051 2132 Poenus

593 2159 670 2218 12
828 2168 831 2169 ’
913 2155 1161 2224 Serviat
1203 2163 1329 2227 uni.

768 2341 1028 2405 'Crescit
1071 2343 1406 2425 indulgens
1451 2346 1571 2410 sibi
1615 2346 1789 2410 dirus
1833 2344 2117 2428 hydrops

793 2438 922 2502 Nec
963 2440 1127 2503 sitim
1172 2441 1470 2523 impleriS,
1514 2443 1637 2505 nisi
1679 2461 1869 2507 causa
1911 2440 2114 2506 morbi
2229 2531 2232 2536 Α

793 2539 1055 2621 Fugerit
1099 2538 1275 2601 venis
1318 2543 1381 2601 et
1421 2556 1691 2619 aquosus
1735 2538 1880 2603 albo

599 2638 671 2695 16
911 2636 1188 2717 Corpore
1230 2634 1513 2716 langvor.

797 2814 1137 2881 Redditum
1179 2815 1332 2895 Cyri
1376 2815 1532 2880 solio
1576 2816 1891 2881 Phraaten

795 2912 1124 2979 Dissidens
1167 2912 1366 2994 plebis
1408 2933 1667 2977 numero
1711 2914 1962 2978 beatum

796 3008 1088 3075 Calculus
1132 3027 1318 3071 verus
1362 3017 1555 3090 negat
1596 3016 1783 3091 atque
1826 3007 2002 3075 falsis

594 3113 674 3173 20
915 3104 1194 3170 Dedocet
1239 3105 1324 3169 uti

799 3288 1091 3366 Vocibus,
1134 3307 1397 3368 regnum
1440 3293 1503 3350 et
1544 3285 1837 3353 diadema
1877 3293 2074 3352 tutum

795 3384 1100 3450 Deferens
1142 3385 1248 3447 uni
1293 3384 1731 3467 propriamque
1773 3386 2042 3462 laurum,

793 3482 1087 3564 Quisquis
1129 3481 1267 3546 auri
1308 3481 1559 3563 integro
1603 3481 1778 3547 oculo
1824 3481 2068 3545 relictos

597 3586 677 3645 24
920 3580 1173 3663 Spectat
1214 3598 1488 3645 acervos.
