2946 4583
705 452 824 513 146
1396 446 1554 511 Lm.
1599 446 1678 526 v,
1723 448 1820 509 14.

785 626 970 693 Unde
1009 626 1123 692 tibi
1165 626 1429 692 reditum
1473 627 1621 692 vivo
1663 627 2017 694 subtemina
2058 628 2295 693 Parcae

623 731 701 793 16
867 726 1117 807 Rupere
1158 742 1275 787 nec
1316 729 1515 788 mater
1556 731 1803 807 putrem
1847 724 2098 791 caerula
2138 735 2202 790 te
2242 728 2531 805 revehet3

782 823 918 890 Illic
959 839 1143 886 omne
1184 821 1415 886 malum
1458 821 1606 886 vino
1651 830 1960 905 cantuque
2003 823 2229 903 levam,

862 918 1182 987 Deformis
1223 918 1650 1003 aegrimoniae
1691 918 1976 986 dulcibus
2018 922 2373 1003 obloquiis.”

1534 1333 1707 1399 XIV.

1307 1480 1395 1538 Al)
1430 1479 1891 1539 MAECENATEM.

784 1592 1034 1703 Mollis
1075 1627 1301 1692 inertia
1342 1646 1450 1690 cur
1492 1631 1732 1691 tantam
1775 1626 2092 1695 diffuderit
2134 1630 2278 1695 imis

863 1725 1257 1794 Oblivionem
1299 1724 1605 1803 sensibUS,

778 1826 1013 1891 Pocula
1056 1821 1367 1887 Lethaeos
1408 1829 1479 1886 ut
1520 1822 1575 1887 si
1619 1821 1911 1888 ducentia
1951 1842 2201 1889 somnos

616 1927 657 1987 4
862 1918 1113 1988 Arente’
1139 1922 1319 1987 fauce
1361 1919 1679 1999 traxerim,

778 2020 1065 2086 Candide
1104 2018 1456 2096 Maecenas,
1499 2016 1730 2082 occidis
1771 2036 1963 2101 saepe
2004 2018 2310 2102 rogando.

863 2118 1056 2195 Deus,
1098 2113 1253 2206 deus
1293 2132 1460 2178 nunc
1499 2133 1600 2179 me
1642 2120 1816 2179 vetat

779 2216 1085 2299 Inceptos,
1126 2212 1274 2276 olim
1314 2210 1687 2295 promissum
1730 2229 2001 2295 carmen,
2042 2212 2286 2280 iambos

613 2318 654 2377 8
857 2311 961 2376 Ad
1003 2310 1359 2375 umbilicum
1399 2308 1728 2374 adducere.

775 2409 940 2475 Nam
983 2408 1154 2473 velut
1195 2408 1259 2472 in
1303 2407 1514 2472 Samio
1558 2406 1772 2472 dicunt
1812 2408 2044 2474 arsisse
2086 2406 2383 2491 Bathyllo

858 2506 1022 2570 Tum
1062 2505 1460 2570 Anacreonta
1501 2504 1744 2582 Teium,

776 2599 983 2680 Quum
1023 2620 1326 2685 persaepe
1367 2619 1526 2665 cava
1567 2599 1878 2665 testudine
1918 2600 2092 2666 flevit
2131 2620 2408 2666 amorem

610 2702 693 2765 12
854 2700 995 2767 Non
1038 2697 1423 2764 elaboratum
1463 2697 1550 2763 ad
1592 2697 1835 2781 pedem,

775 2797 921 2862 Jam
962 2814 1108 2860 uror
1150 2801 1213 2861 et
1253 2795 1391 2879 ipse
1431 2795 1650 2861 miser:
1704 2815 1824 2877 quo
1875 2797 1930 2862 si
1971 2816 2099 2862 non
2141 2797 2391 2863 saevior
2430 2795 2598 2879 ignis

853 2892 1158 2957 Accendit
1198 2894 1516 2958 obsessam
1556 2893 1743 2973 Ilion,·

772 2987 999 3055 Gaude
1040 2987 1209 3053 haud
1251 2995 1410 3054 torte
1451 2990 1585 3054 tuo!
1629 2990 1733 3056 Me
1773 2991 2064 3057 libertina
2105 3009 2308 3072 neque
2348 3008 2471 3055 uno

608 3089 692 3150 16
856 3085 1165 3153 Contenta
1204 3085 1461 3170 Phryne
1503 3094 1795 3154 macerat.

1519 3448 1660 3514 XV.

1366 3564 1454 3621 AD
1488 3563 1817 3622 NEAERAM.

768 3637 945 3749 Nox
990 3680 1126 3742 erat
1160 3682 1224 3742 et
1265 3677 1437 3743 coelo
1479 3675 1765 3759 fulgebat
1806 3676 1987 3744 Luna
2028 3694 2250 3744 sereno

847 3777 1012 3842 Tum
1043 3774 1204 3842 inter
1246 3774 1490 3841 minora
1530 3773 1759 3856 sidera,
