2946 4583
656 432 796 492 VIII

574 641 785 690 more
839 612 1405 712 inscriptiones,
1458 611 1600 686 sed
1654 612 1885 688 etiam
1921 615 2235 690 brevem
2265 617 2361 691 de
2391 640 2566 692 cau-

574 739 663 789 sa
714 727 845 790 aut
897 723 1349 811 argumento
1397 711 1884 808 singulorum
1938 715 2380 811 carminum,
2434 715 2567 790 ubi

572 840 766 913 opus
821 814 1247 909 videbatur,
1328 813 2124 888 commemorationem
2175 814 2563 912 praemisi.

569 952 670 964 —
722 916 900 990 Non
955 912 1292 988 defuisse
1345 913 1425 986 in
1478 913 1865 1008 germanis
1945 913 2243 987 Horatii
2297 915 2566 988 carmi-

570 1013 796 1088 nibus
852 1040 964 1108 ea,
1022 1039 1215 1110 quae
1269 1012 1349 1086 in
1386 1012 1671 1086 scholis
1712 1012 2194 1111 interpretari
2221 1013 2561 1111 prudens

571 1113 800 1188 homo
853 1114 1114 1209 nollet,
1171 1138 1268 1186 ex
1322 1122 1529 1186 certo
1611 1110 2058 1201 Quintiliani
2122 1112 2563 1186 testimonio

573 1223 901 1287 constat:
958 1214 1147 1287 haec
1200 1212 1307 1285 ita
1360 1211 1646 1309 optime
1699 1211 2113 1307 fugientur,
2180 1212 2249 1284 si
2301 1211 2393 1307 is,
2435 1211 2566 1309 qui

573 1311 1030 1386 discentium
1084 1311 1340 1384 studia
1390 1310 1617 1407 regit,
1680 1337 1836 1385 non
1896 1311 2227 1408 patietur
2277 1310 2564 1384 tradito

570 1435 655 1483 se
710 1410 1073 1484 librorum
1130 1421 1259 1484 aut
1313 1410 1731 1483 carminum
1786 1410 2051 1484 ordine
2113 1409 2381 1505 teneri,
2423 1409 2565 1483 sed

570 1520 701 1583 aut
752 1509 987 1582 libere
1043 1509 1215 1602 huc,
1297 1508 1477 1581 illuc
1557 1509 1993 1582 discurrens
2072 1536 2212 1607 pro
2268 1508 2562 1607 judicio

568 1632 708 1681 suo
791 1607 1270 1701 dulcissima,
1362 1607 1908 1704 pulcherrima,
1990 1607 2564 1705 sapientissima

568 1732 915 1803 quaeque
971 1706 1229 1802 eliget,
1287 1717 1417 1779 aut
1470 1705 1868 1803 discipulis
1937 1705 2379 1785 discrimina
2431 1707 2563 1778 illa

570 1806 993 1880 litterarum
1049 1804 1443 1902 sequenda
1499 1804 2085 1897 commendabit,
2151 1805 2426 1902 quibus
2482 1804 2564 1877 in

568 1904 868 2003 adjecto
884 1904 1364 2002 alphabetico
1384 1903 1931 2001 principiorum
1959 1903 2561 2002 uniuscujusque

568 2003 925 2078 carminis
980 2002 1231 2077 indice
1287 2003 1779 2101 septuaginta
1817 2004 2151 2078 carmina
2190 1999 2331 2097 (tot
2359 2003 2562 2077 enim

565 2103 799 2198 volui,
856 2102 1237 2201 quoniam,
1294 2113 1376 2176 ut
1426 2104 1647 2200 plura
1698 2102 1777 2175 in
1831 2103 2117 2177 scholis
2158 2103 2561 2176 absolvan-

565 2212 710 2300 tur,
765 2214 1068 2301 tempus
1123 2228 1293 2276 raro
1351 2196 1746 2296 concedet)
1802 2202 1998 2276 infra
2026 2202 2556 2300 signabuntur.

677 2361 678 2364 ’
765 2336 881 2409 De
934 2362 1015 2408 re
1073 2334 1389 2408 metrica
1440 2361 1537 2408 ne
1594 2335 1901 2410 omnino
1929 2348 2248 2431 taceam,
2277 2334 2558 2428 hiatus,

567 2459 759 2533 quos
838 2444 1139 2528 vocant,
1216 2459 1465 2530 neque
1546 2433 1626 2504 in
1704 2433 1956 2506 medio
2018 2458 2250 2507 versu
2303 2458 2551 2529 neque

566 2535 764 2608 inter
843 2533 1192 2607 diversos
1274 2531 1621 2629 ejusdem
1703 2532 2063 2629 strophae
2125 2532 2549 2605 versiculos

565 2634 658 2707 ab
739 2632 1057 2706 Horatio
1138 2632 1519 2706 admissos
1603 2656 1775 2703 esse
1854 2641 2064 2728 putO,
2146 2630 2323 2727 quia
2386 2630 2551 2702 sine

563 2733 719 2807 ullo
775 2729 1197 2804 sententiae
1230 2731 1531 2824 damn0‚
1562 2755 1791 2828 saepe
1822 2730 2052 2803 etiam
2081 2756 2251 2802 cum
2279 2728 2552 2824 fructu,

562 2830 732 2905 tolli
782 2855 1013 2927 posse
1096 2829 1621 2903 animadverti.
1727 2828 2117 2901 Dissecari
2179 2827 2555 2901 vocabula

565 2929 763 3004 inter
814 2927 1123 3002 tertium
1176 2939 1254 3001 et
1308 2939 1659 3025 quartum
1724 2928 2082 3025 strophae
2124 2926 2554 3024 Sapphicae

565 3053 875 3103 versum
927 3027 1268 3100 vetuisse
1347 3026 1711 3100 Horatius
1793 3026 1979 3099 mihi
2040 3025 2368 3120 videtur,
2421 3051 2555 3098 ne-

568 3153 716 3225 que
769 3125 1017 3222 magis
1070 3151 1348 3224 passus
1429 3137 1551 3199 est
1625 3125 1970 3200 ultimam
2022 3124 2554 3223 praecedentis

566 3249 837 3300 versus
895 3225 1269 3322 syllabam
1349 3225 1443 3299 ab
1524 3224 1740 3299 initio
1805 3223 2280 3321 insequentis
2347 3223 2553 3298 elidi.

569 3324 907 3399 Caesura
960 3349 1137 3423 ‚non
1216 3324 1447 3397 debet
1497 3351 1637 3423 pro
1689 3324 2047 3421 neglecta
2107 3323 2396 3421 haberi,
2424 3322 2556 3397 ubi

566 3423 766 3496 inter
820 3422 1126 3497 diversa
1178 3424 1583 3521 compositi
1644 3423 1998 3497 vocabuli
2050 3423 2393 3497 membra
2444 3423 2556 3495 111-

569 3521 757 3597 cidit
810 3515 1470 3619 (>)circum-volat»‚
1498 3517 2127 3621 »per-lucidior»)
2206 3522 2555 3617 Denique

571 3646 765 3720 quae
818 3621 1073 3716 legem
1110 3620 1669 3697 Meinekianam
1700 3622 1795 3695 de
1837 3621 2318 3720 quaternario
2358 3645 2556 3693 sem-

568 3746 708 3820 per
757 3744 1119 3797 versuum
1170 3748 1487 3797 numero
1544 3723 1989 3798 confirmare
2041 3720 2398 3796 videntur
2424 3744 2556 3794 ex-
