2946 4583
598 1271 638 1329 4

601 1657 640 1716 8

597 2047 676 2110 12

598 2441 674 2502 16

590 2830 675 2892 20

588 3221 671 3283 24

589 3608 673 3670 28

686 392 765 450 96
1370 386 1524 450 LIB.
1567 388 1679 466 111,
1721 391 1821 451 24.

1473 668 1705 732 XXIV.

1249 815 1335 870 Al)
1372 815 1632 872 DIVITES
1668 816 1945 874 AVAROS.

844 932 1121 1036 Intactis
1164 962 1514 1046 opulentior

764 1062 1103 1132 Thesauris
1144 1061 1426 1125 Arabum
1473 1068 1536 1125 et
1577 1059 1792 1125 divitis
1834 1061 2052 1125 Indiae

845 1161 1198 1228 Caementis
1239 1160 1383 1224 licet
1425 1177 1688 1242 occupes

761 1264 1115 1327 Terrenum
1157 1277 1339 1324 omne
1381 1258 1505 1322 tuis
1549 1263 1610 1320 et
1653 1275 1827 1321 mare
1868 1257 2200 1340 publicum,

712 1381 721 1389 ·
845 1360 914 1423 Si
956 1358 1296 1441 fulgentem
1340 1353 1779 1421 adamantibus

766 1458 1090 1522 Summum
1131 1455 1427 1521 verticem
1470 1488 1550 1497 —-
1595 1451 1715 1515 erit
1758 1469 1899 1515 sera
1941 1469 2198 1516 necesse
2239 1469 2342 1516 res
2387 1487 2470 1499 -

847 1556 1137 1634 Claude8‚
1178 1575 1301 1619 non
1344 1552 1620 1618 animum
1665 1554 1861 1625 metu,

765 1654 905 1733 Non
951 1652 1169 1717 mortis
1210 1651 1450 1732 laqueis
1495 1646 1792 1738 expedies
1835 1650 2038 1728 caput.

846 1752 1244 1833 Campestres
1285 1749 1507 1813 melius
1551 1744 1847 1827 Scythae,

761 1847 1035 1925 Quorum
1078 1846 1356 1930 plaustra
1397 1864 1600 1928 vagas
1643 1844 1760 1909 rite
1801 1842 2054 1907 trahunt
2096 1840 2332 1916 domos,

842 1947 1079 2011 Vivunt
1121 1951 1184 2009 et
1226 1944 1416 2026 rigidi
1459 1944 1690 2019 Getae,

758 2046 902 2112 Non
946 2050 1179 2108 metata
1221 2041 1444 2124 quibus
1475 2039 1708 2123 jugera
1753 2037 1984 2102 liberas

839 2142 1086 2225 Fruges
1127 2147 1190 2205 et
1231 2140 1523 2205 Cererem
1566 2137 1772 2201 ferunt

757 2241 891 2308 Nec
931 2239 1174 2305 cultura
1214 2238 1421 2322 placet
1461 2236 1708 2318 longior
1749 2252 1959 2299 annua

839 2338 1336 2418 Defunctumque
1376 2333 1695 2400 laboribus

757 2437 1023 2521 Aequali
1066 2441 1306 2501 recreat
1347 2440 1515 2500 sorte
1557 2429 1844 2494 vicarius,

837 2535 973 2599 Illic
1014 2541 1212 2598 matre
1252 2532 1612 2597 carentibus

758 2632 980 2698 Parvis
1022 2631 1224 2696 mulsa
1264 2630 1461 2713 patris
1503 2631 1814 2710 temperat
1855 2623 2181 2700 innocens;

839 2730 972 2795 Nec
1013 2729 1230 2794 dotata
1271 2727 1434 2808 regit
1475 2725 1680 2790 virum

757 2827 1002 2909 Coniux
1042 2846 1159 2892 nec
1198 2825 1397 2890 nitido
1441 2823 1580 2888 fidit
1620 2821 1926 2887 adultero.

838 2926 969 2990 Dos
1012 2929 1108 2988 est
1150 2941 1385 3003 magna
1424 2926 1758 3005 parentum
1799 2917 1890 2981 ibi

752 3022 969 3088 Virtus
1011 3029 1074 3087 et
1114 3028 1397 3086 metuens
1439 3017 1697 3082 alterius
1739 3015 1859 3080 tori

836 3119 1021 3185 Certo
1059 3118 1311 3183 foedere
1353 3116 1640 3193 castitas3

755 3216 826 3282 Si
868 3215 1037 3282 haud
1077 3234 1339 3299 peccare
1378 3234 1595 3298 neges,
1636 3219 1761 3278 stat
1801 3211 2069 3294 pretium
2110 3207 2286 3273 mori.

835 3313 892 3378 Ο
934 3315 1091 3395 quis,
1134 3314 1271 3395 quis
1314 3312 1483 3376 volet
1521 3313 1589 3375 in
1632 3311 1783 3374 deos

754 3409 1004 3475 Cedens
1049 3410 1193 3474 hinc
1230 3410 1467 3474 rabiem
1512 3408 1729 3486 tollere
1772 3405 2075 3472 civicam?

837 3507 907 3573 Si
950 3514 1206 3591 quaeret
1246 3507 1531 3572 PATER
1577 3504 1904 3570 URBIUM

757 3604 1078 3670 Subscribi
1122 3606 1364 3685 statuis,
1405 3602 1771 3668 indomitam
1819 3601 2047 3666 audeat
