2946 4583
655 474 703 549 a
1388 482 1542 547 LIB.
1588 487 1637 564 1,
1682 493 1737 550 4.

734 649 1007 716 Mendax
1049 660 1292 724 somnia
1334 673 1635 745 purpurat

818 746 992 813 Gens
1033 750 1334 835 humana3
1375 755 1529 824 furit
1571 781 1686 843 par
1727 764 1934 830 atavis
1978 787 2189 851 nepos.

735 841 968 908 Audax
1009 847 1210 931 Iapeti
1253 872 1453 935 genus

569 938 650 997 28
815 939 1038 1022 Ignem
1079 943 1302 1013 fraude
1343 955 1511 1019 mala
1554 956 1779 1021 fetibus
1820 957 1985 1024 hunc
2027 963 2183 1045 tulit,

734 1033 870 1110 Quo
912 1037 1044 1122 iugi
1085 1045 1362 1112 aetherio
1405 1050 1467 1114 in
1513 1051 1729 1117 domos

817 1132 1122 1204 Subsucto
1156 1144 1389 1210 macies
1432 1152 1496 1211 et
1536 1167 1701 1213 nova
1743 1149 2009 1218 febrium

734 1231 946 1296 Terris
989 1234 1267 1303 incubuit
1307 1241 1555 1321 cohors,

568 1326 647 1388 32
813 1327 943 1392 Lac
983 1332 1269 1415 ultaeque
1311 1339 1484 1419 prius
1527 1341 1708 1406 tarda
1750 1350 2090 1415 necessitas

733 1423 952 1489 Mortis
995 1434 1088 1490 ter
1130 1434 1336 1513 rapuit
1379 1435 1674 1515 gradum:

814 1519 1016 1596 Quum
1062 1533 1353 1608 expertus
1396 1551 1601 1612 vagus
1644 1542 1738 1598 est
1782 1539 2101 1607 Daedalus
2143 1551 2291 1608 aera

731 1617 963 1682 Pennis
1003 1641 1128 1686 non
1171 1622 1404 1689 homini
1447 1627 1643 1708 datis;

567 1716 647 1775 36
810 1715 1103 1801 Perrupit
1144 1740 1332 1802 quum
1372 1723 1729 1792 Acheronta
1771 1729 2112 1798 Herculeus
2154 1686 2362 1813 labor;

728 1811 834 1877 Nil
874 1813 1061 1878 Marti
1104 1818 1322 1928 ingeni
1364 1821 1470 1885 ubi
1514 1824 1777 1889 arduum
1821 1833 1933 1891 est.

815 1908 1072 1974 Ocelum
1115 1914 1320 1997 ipsum
1362 1922 1630 2001 petimus
1673 1924 1936 1992 stultitia
1977 1945 2179 2008 neque

731 2006 853 2071 Per
895 2013 1109 2072 notum
1153 2013 1423 2092 patimur
1464 2018 1669 2084 scelus

566 2104 648 2163 40
812 2103 1123 2172 Iracunda
1164 2108 1386 2185 Jovem
1432 2133 1667 2195 ponere
1710 2116 1987 2184 fulmina.

1506 2538 1611 2600 IV.

1291 2694 1378 2747 AD
1415 2694 1472 2751 L.
1512 2697 1786 2755 SESTIUM
1806 2740 1819 2766 ,

768 2794 1176 2848 quem'propter
1209 2792 1330 2841 novi
1365 2796 1506 2845 veris
1544 2797 1824 2850 adventum
1864 2800 1929 2850 ad
1963 2800 2157 2851 laetum
2198 2802 2336 2863 apud

768 2878 827 2915 se
864 2868 1157 2919 convivium
1195 2871 1398 2924 invitat.

705 3038 1005 3143 Solvitur
1048 3078 1211 3142 acris
1253 3077 1452 3144 hiems
1495 3090 1682 3165 grata
1726 3086 1861 3150 vice
1903 3079 2068 3150 veris
2112 3091 2173 3149 et
2214 3084 2476 3174 Favoni,

818 3173 1222 3285 Tradunotque
1263 3178 1426 3242 sucis
1469 3179 1796 3245 machinae
1837 3182 2116 3254 carinaS.

689 3268 785 3329 Ac
824 3288 1024 3349 neque
1061 3270 1189 3360 jam
1209 3273 1468 3338 stabulis
1491 3273 1725 3358 gaudet
1745 3269 1934 3360 pecus
1960 3284 2069 3342 aut
2099 3283 2307 3344 arator
2349 3277 2505 3358 igni,

609 3365 649 3423 4
815 3364 947 3428 Nec
987 3374 1169 3447 prata
1211 3369 1384 3431 canis
1427 3368 1700 3436 albicant
1739 3373 1995 3456 pruinis.

691 3460 729 3524 J
735 3481 836 3524 am
859 3461 1173 3543 Cytherea
1191 3463 1409 3528 choros
1429 3464 1556 3527 dux
1575 3467 1709 3531 est
1677 3487 1980 3548 Juvenum
2000 3470 2358 3536 imminente
2379 3469 2545 3545 luna,

813 3551 1199 3638 Jutictaeque
1239 3545 1549 3643 Nymphis
1593 3559 1851 3630 Gratiae
1893 3568 2183 3632 decentes

693 3657 950 3720 Alterno
974 3663 1204 3720 terram
1228 3659 1512 3748 quatiunt
1546 3661 1726 3748 pede
1765 3664 1911 3726 dum
1943 3680 2175 3747 graves
2197 3660 2542 3743 cyclopum

612 3759 648 3815 8
815 3751 1131 3818 Vulcanus
1174 3753 1404 3821 ardens
1449 3756 1653 3821 haurit
1694 3759 1991 3824 officinas
