2946 4583
1137 412 1295 480 LIB.
1337 417 1451 498 111,
1494 422 1594 484 24.

625 585 967 654 Refrenare
1007 590 1350 676 licentiam,

459 686 666 752 Carus
708 688 1105 770 postgenitis‚
1150 699 1455 773 quatenus
1499 731 1578 743 -
1623 698 1746 766 heu
1786 702 2119 769 nefas!—

624 785 933 850 Virtutem
976 786 1348 856 incolumem
1391 792 1666 877 odimus,

457 883 783 948 Sublatam
826 902 904 947 ex
948 886 1141 951 oculis
1183 890 1540 969 quaerimus
1582 894 1910 979 undique.

621 980 786 1057 Quid
827 983 1037 1047 tristes
1079 986 1526 1069 querimoniae,

458 1078 527 1142 Si
570 1099 695 1142 non
739 1080 1044 1161 supplicio
1086 1082 1273 1166 culpa
1317 1085 1655 1153 reciditur?

621 1175 786 1252 Quid
827 1176 1003 1258 leges
1046 1179 1182 1243 sine
1225 1182 1503 1247 moribus

455 1276 678 1340 Vanae
720 1274 1067 1357 proficiunt,
1123 1276 1178 1339 si
1219 1295 1424 1359 neque
1465 1280 1726 1348 fervidis

619 1372 776 1436 Pars
817 1372 1057 1437 inclusa
1100 1373 1411 1440 caloribus

455 1469 677 1533 Mundi
720 1486 838 1531 nec
881 1469 992 1532 boi
994 1488 1109 1533 eae
1149 1468 1481 1536 finitimum
1525 1474 1690 1540 latus

621 1566 795 1629 Duro
840 1575 1148 1647 aptaeque
1189 1568 1320 1632 solo
1362 1570 1542 1636 nives

454 1663 865 1727 Mercatorem
910 1661 1194 1744 abigunt,
1237 1666 1291 1730 si
1334 1667 1588 1733 horrida
1632 1668 1842 1734 callidi

618 1758 892 1822 Vincunt
932 1775 1205 1840 aequora
1247 1764 1520 1843 navitae,
1614 1793 1631 1808 ·
1944 1759 1954 1768 ’

454 1856 757 1938 Magnum
804 1858 1137 1940 pauperies
1178 1859 1233 1923 si
1275 1862 1672 1943 opprobrium
1704 1860 1887 1942 jubet

621 1950 882 2027 Quidvis
926 1960 987 2017 et
1019 1952 1227 2021 facere
1270 1968 1333 2022 et
1371 1960 1506 2041 pati

450 2050 836 2130 Virtutisque
878 2050 1045 2114 viam
1089 2052 1382 2118 deserere
1424 2056 1704 2121 arduae?

623 2146 743 2210 Vel
784 2165 901 2211 nos
943 2148 1007 2211 in
1052 2147 1449 2231 Capitolium,

454 2244 593 2322 Quo
637 2245 870 2309 clamor
913 2251 1100 2309 vocat
1140 2253 1203 2311 et
1246 2249 1428 2314 turba
1470 2248 1835 2329 faventium,

620 2342 739 2406 Vel
781 2361 897 2406 nos
937 2342 1002 2406 in
1047 2363 1219 2409 mare
1261 2347 1616 2429 proximum

452 2441 754 2506 Gemmas
795 2447 862 2504 et
902 2439 1149 2523 lapides
1191 2462 1410 2507 aurum
1455 2451 1520 2509 et
1560 2444 1798 2519 inutile,

621 2537 863 2602 Summi
906 2539 1230 2604 materiem
1274 2540 1442 2618 mali,

453 2636 792 2713 Mittamus,
833 2635 1133 2701 scelerum
1180 2637 1232 2700 si
1274 2637 1435 2701 bene
1476 2637 1768 2720 poenitet.

618 2730 957 2797 Eradenda
999 2732 1309 2815 cupidinis

452 2829 644 2894 Pravi
686 2835 830 2892 sunt
873 2829 1198 2907 elementa,
1241 2835 1304 2894 et
1344 2834 1599 2894 tenerae
1639 2828 1826 2893 nimis

621 2926 862 2990 Mentes
906 2926 1327 3010 asperioribus
1626 2951 1628 2954 >

454 3019 851 3086 Formandae
892 3022 1136 3091 studiis,⁴
1217 3021 1431 3087 Nescit
1472 3038 1632 3100 equo
1674 3019 1850 3084 rudis

616 3117 893 3183 Haerere
933 3121 1245 3200 ingenuus
1286 3137 1444 3200 puer

452 3213 807 3295 Venarique
846 3216 1040 3292 timet,
1081 3215 1313 3279 ludere.
1335 3212 1598 3291 doctior,

619 3308 745 3375 Seu
785 3311 1028 3376 Graeco
1058 3311 1288 3393 jubeas
1328 3308 1565 3388 trocho,

452 3407 581 3472 Seu
621 3408 804 3474 malis
844 3407 1041 3473 vetita
1080 3407 1329 3490 legibus
1371 3405 1532 3483 alea,

619 3505 786 3569 Dum
827 3503 1077 3587 perjura
1116 3505 1317 3587 patris
1358 3502 1516 3568 fides
1646 3542 1650 3547 -

451 3601 817 3667 Consortem
860 3607 923 3665 et
963 3601 1196 3681 socium
1229 3598 1415 3665 sallat
1456 3604 1520 3663 et
1561 3598 1837 3681 hospites

568 3715 819 3766 Horatius
854 3716 932 3789 ed.
971 3716 1286 3783 Ljunqbcrq.

2198 431 2280 493 97

2284 1291 2368 1352 36

2282 1678 2369 1739 40

2273 2063 2364 2123 44

2230 2804 2361 2893 ⁴52

2016 3560 2369 3662 '‘eo-
