2946 4583
895 927 975 1068 0·
1045 925 1434 1055 nolimu
1505 926 1821 1048 FLAccl

572 1115 1272 1247 CARMINUM
1360 1154 2146 1248 LYRmORUM

672 1365 675 1369 ’
1005 1353 1259 1418 LIBER
1299 1351 1713 1429 QUARTUS.

1329 1634 1377 1697 I.

1122 1780 1209 1836 AD
1247 1780 1576 1839 VENEREM.

540 1892 938 2006 Intermissa,
979 1928 1213 2006 Venae,
1256 1926 1363 1992 diu

451 2027 689 2093 Rursus
730 2024 897 2092 bella
940 2026 1193 2091 moves?
1230 2019 1457 2106 Parce,
1499 2046 1737 2110 precor,
1781 2027 2026 2111 precor!

534 2124 674 2189 Non
718 2143 875 2203 sum,
919 2124 1120 2207 qualis
1164 2144 1334 2189 eram
1380 2125 1582 2189 bonae

452 2219 594 2286 Sub.
626 2239 823 2305 regno
866 2223 1155 2287 Cinarae.
1240 2224 1496 2304 Desine,
1539 2221 1810 2287 dulcium

534 2320 734 2385 Mater
776 2339 970 2385 saeva
1011 2320 1409 2403 Cupidinum,

455 2417 645 2482 Circa
684 2419 883 2483 lustra
924 2418 1139 2483 decem
1180 2415 1432 2482 flectere
1472 2415 1762 2482 mollibus

534 2514 682 2581 Jam
723 2515 953 2580 durum
996 2515 1304 2598 imperiis;
1347 2514 1472 2592 abi,

453 2610 591 2690 Quo
631 2611 903 2678 blandae
943 2611 1233 2694 juvenum
1276 2620 1341 2677 te
1380 2616 1682 2676 revocant
1721 2627 1955 2692 preces.

538 2708 1000 2793 Tempestivius
1040 2709 1107 2773 in
1150 2708 1400 2775 domum

456 2805 634 2872 Pauli
675 2842 758 2856 —-
797 2828 914 2892 par
954 2808 1263 2890 Paphium
1306 2805 1491 2871 callet
1532 2804 1774 2870 olorum
1816 2804 1960 2869 iteri
2005 2839 2086 2850 --

540 2905 977 2972 Comissabere
1016 2904 1304 2978 Maximi,

541 3003 612 3069 Si
652 3011 890 3069 torrere
919 3003 1098 3087 jecur
1139 3004 1388 3086 quaeris
1430 3002 1741 3067 idoneum.

458 3103 743 3185 Namque
784 3107 848 3167 et
887 3101 1113 3166 nobilis
1155 3107 1219 3166 et
1260 3100 1488 3166 decens

541 3199 626 3265 Et
664 3218 781 3282 pro
820 3198 1101 3265 sollicitis
1142 3218 1268 3263 non
1308 3196 1534 3261 tacitus
1577 3193 1700 3258 reis

459 3297 545 3363 Et
585 3301 832 3361 centum
873 3313 1029 3380 puer
1071 3295 1298 3360 artium

542 3394 702 3459 Late
742 3394 928 3477 signa
968 3393 1125 3459 feret
1166 3390 1425 3456 militiae
1464 3394 1636 3469 tuuS,

460 3492 546 3558 Et
585 3490 835 3573 quando
875 3491 1010 3575 ipse
1051 3490 1358 3573 potentior

545 3590 775 3673 Largis
817 3587 1177 3654 muneribus
1207 3587 1415 3653 riserit
1453 3582 1752 3663 aemulos,

464 3689 696 3754 Albani
737 3707 809 3753 os
851 3706 1046 3772 prope
1086 3692 1150 3752 te
1188 3684 1362 3750 lacus

545 3787 747 3851 Ponet
789 3802 1202 3850 marmoream
1243 3781 1358 3849 sub
1400 3779 1682 3849 trabibus
1723 3777 1862 3862 piis.

2285 2998 2359 3058 12

2286 3390 2366 3450 16

2288 3776 2370 3838 20
