2946 4583
1166 404 1322 471 LIB.
1364 401 1416 484 1,
1456 409 1558 470 21.
1728 474 1737 481 ν
2193 406 2274 466 23

1268 584 1416 650 XX.

1083 730 1170 788 An
1206 705 1665 795 macerarem,

516 878 677 930 quum
712 866 803 918 ille
841 865 1055 917 fortuito
1092 862 1321 927 quodam
1360 875 1489 915 casu
1541 862 1764 924 penuria
1809 861 2061 913 laborans
2099 859 2229 922 vini,
2267 871 2362 910 cu-

509 948 597 1010 jus
638 960 830 1010 magna
882 948 932 1000 ei
986 946 1138 1008 copia
1190 951 1406 1006 propter
1461 943 1849 994 multitudinem
1885 950 2189 992 scurrarum
2226 951 2361 1002 opus

517 1035 651 1091 erat,
689 1030 953 1090 rogasset,
1000 1029 1057 1077 ut
1100 1025 1345 1076 Horatius
1397 1036 1464 1076 ex
1501 1023 1713 1086 optimis
1748 1023 1862 1074 suis
1897 1022 2034 1074 vinis
2068 1023 2236 1074 amico
2274 1026 2364 1072 aut

524 1109 783 1161 venderet
817 1113 907 1159 aut
941 1106 1318 1159 commodaret.

523 1368 532 1373 ,
584 1250 761 1356 Vile
802 1285 857 1349 si
899 1281 1145 1366 optabis
1181 1281 1460 1346 modicus
1503 1278 1844 1358 Sannum,⁴

583 1381 933 1450 contrahes
974 1377 1194 1462 gratie,
1239 1375 1404 1459 quod
1447 1394 1568 1457 ego
1611 1374 1748 1457 ipse
1789 1381 1950 1441 testa

583 1476 921 1546 Conditum
961 1473 1108 1554 levi,
1151 1473 1336 1538 datus
1378 1473 1442 1536 in
1489 1470 1732 1536 theatro

710 1574 914 1651 Quum
959 1571 1072 1636 tibi
1114 1570 1393 1654 plausae,
2314 1567 2370 1625 -4

587 1757 749 1822 Care
788 1753 1140 1828 Maecenas,
1181 1749 1455 1831 equitum
1497 1753 1594 1812 est
1634 1753 2019 1828 patrumque,
2060 1748 2129 1806 ut

591 1850 899 1916 Fluminis
938 1849 1119 1931 ripae
1160 1845 1344 1910 simul
1387 1851 1449 1909 et
1481 1842 1701 1924 jocosa

590 1945 908 2012 Redderet
948 1942 1169 2009 laudes
1212 1941 1325 2006 tibi
1368 1959 1493 2006 vox
1535 1942 1770 2018 vagata

718 2041 950 2106 Montis
991 2041 1057 2103 in
1099 2057 1307 2120 agros.
2335 2033 2375 2090 8

594 2217 951 2282 Caecubum
994 2221 1056 2279 et
1098 2214 1271 2297 prelo
1313 2211 1614 2275 domitum
1657 2205 1893 2271 Caleno

596 2318 696 2381 Tu
738 2315 963 2379 bibens
1005 2312 1241 2378 scurris
1282 2328 1425 2374 mea
1465 2325 1584 2371 nee
1624 2301 1878 2369 Falerni

598 2448 678 2459 —-
702 2414 1019 2494 Tempora
1059 2408 1249 2475 votis!
1292 2441 1376 2454 -
1417 2421 1621 2485 neque
1661 2398 1982 2464 Formiani

636 2509 869 2574 Pocula
910 2507 1109 2573 tolles.
2306 2493 2393 2553 12⁷

1302 2650 1500 2661 -——--—-

1294 2824 1472 2888 XXI.

768 2974 855 3031 AD
895 2972 1155 3030 GHORUM
1190 2967 1506 3029 VIRGINUM
1540 2967 1621 3023 Ac
1655 2959 2024 3021 pulmonum,

844 3078 900 3125 ut
934 3072 1121 3123 laudes
1157 3073 1355 3124 Dianae
1392 3073 1445 3120 et
1481 3063 1732 3128 Apollinis
1771 3066 1981 3113 canant.

610 3153 910 3258 Dianam
956 3193 1210 3248 tenerae
1251 3179 1436 3242 dieite
1477 3174 1780 3255 virginee,

604 3290 949 3359 Intonsum,
990 3278 1192 3363 pueri,
1235 3275 1420 3339 dieite
1462 3270 1804 3355 Cynthium

730 3379 1159 3455 Latonamque
1200 3390 1487 3456 supremo

857 3472 1160 3539 Dilectam
1204 3469 1450 3553 penitus
1494 3464 1648 3532 Jovi.
2353 3455 2392 3514 4

611 3641 740 3704 Vos
780 3635 1012 3701 laetam
1052 3632 1258 3696 fluviis
1301 3636 1363 3694 et
1404 3642 1725 3691 nemorum
1769 3640 1976 3699 coma,

612 3735 1075 3811 Quamcumque
1116 3734 1223 3792 aut
1265 3723 1477 3808 gelido
1518 3721 1780 3786 formam
1823 3716 1939 3780 init
1977 3710 2208 3793 Algido
