2946 4583
704 434 815 502 m

618 620 869 700 Ekius
921 623 1138 722 petit.
1218 621 1670 697 Prosodiam
1709 621 2066 719 ignorare
2107 633 2355 723 putor.
2413 622 2613 699 Cur?

624 720 1099 822 Scripseram
1157 716 1246 818 (Ι,
1300 724 1420 817 28,
1461 715 1561 814 8);
1616 722 2073 796 »Tithonum
2124 723 2340 821 pavit
2363 747 2609 820 usque

622 848 910 897 marem
961 841 1156 917 ros»,
1212 832 1584 919 correpta,
1636 832 1724 896 ut
1775 821 2132 921 oportuit,
2169 823 2418 921 prima
2454 824 2612 920 syl-

621 920 796 997 laba
846 920 1061 995 vocis
1102 921 1355 1020 pavit.-
1406 920 1675 1016 Ekius,
1730 932 1808 995 et
1835 921 2382 1020 mytholog-iae,
2415 947 2609 1018 quae

618 1029 924 1119 tempus
965 1046 1320 1119 praesens
1371 1018 1498 1094 hic
1559 1020 1900 1117 requirit,
1967 1031 2045 1094 et
2105 1021 2322 1094 verbi
2387 1020 2611 1119 19ᾶυί-

618 1121 791 1193 endi
839 1143 1156 1218 prorsus
1205 1118 1627 1216 immemor,
1680 1145 1835 1193 non
1888 1119 2260 1216 cogitavit
2305 1119 2457 1193 nisi
2511 1120 2607 1195 de

605 1220 931 1320 perfecto
983 1213 1278 1317 »pavitD
1332 1244 1377 1293 a
1416 1220 1809 1316 pascenda
1915 1220 2007 1292 In
2083 1219 2606 1315 grammaticis

671 1343 888 1392 arum
938 1328 1327 1392 versatum
1380 1344 1503 1392 me
1567 1343 1799 1414 quum
1827 1316 2213 1392 adhibitae
2277 1329 2609 1416 arguunt

652 1441 907 1491 ormae
962 1418 1147 1491 dume
1200 1411 1368 1515 (pro
1423 1413 1772 1509 duxisse),
1825 1419 2086 1509 revioee,
2139 1443 2454 1492 concesse
2504 1456 2609 1468 —

620 1514 1053 1614 cujusmodi
1113 1514 1396 1589 formas
1452 1541 1496 1588 a
1560 1539 1912 1590 sermone
1964 1515 2290 1612 Vergilii
2343 1527 2422 1590 et
2446 1517 2607 1591 Ho-

618 1613 793 1688 ratii
846 1613 1134 1688 alienas
1212 1639 1369 1687 non
1445 1637 1621 1687 esse
1681 1639 1907 1688 nemo
1969 1625 2273 1713 praeter
2322 1615 2603 1691 Ekium

617 1711 925 1809 ignorat
972 1749 1106 1809 -,
1169 1723 1332 1786 tum
1412 1712 1617 1808 quod
1687 1713 1917 1811 jungi
1992 1738 2225 1812 posse
2303 1715 2601 1812 putavi:

616 1830 835 1886 »acer
883 1811 1142 1885 vultus
1220 1812 1469 1885 Marsi
1532 1812 1810 1908 peditis
1889 1808 2330 1906 (collective),
2392 1841 2604 1888 ruen-

616 1912 796 1986 tium
874 1909 955 1984 in
1029 1911 1371 1984 hostem»
1511 1911 1843 1985 confisus
1924 1911 2311 1986 simillimo
2399 1912 2601 1987 Livii

616 2009 971 2108 exemplo
1026 2003 1114 2103 (Ι,
1167 2013 1289 2105 41,
1349 1966 1453 2104 15ε
1517 2008 1858 2084 «Clamor
1917 2010 2097 2086 inde
2151 2036 2605 2086 concursus-

618 2134 764 2207 que
829 2108 1117 2206 populi,
1170 2109 1599 2183 mirantium
1677 2109 1862 2207 quid
1937 2110 2051 2184 rei
2103 2121 2375 2186 esset.»
2477 2111 2603 2186 Ad

615 2208 1011 2307 vulgatam
1064 2207 1470 2281 lectionem
1525 2208 2106 2307 intelligendam
2159 2208 2396 2284 hebes
2427 2235 2603 2286 esse

619 2308 861 2383 semel
913 2333 1004 2381 eo
1060 2306 1494 2402 convincor,
1562 2309 1769 2403 quod
1835 2309 1916 2383 in
1967 2311 2136 2384 loco
2191 2335 2410 2383 corru
2466 2311 2605 2384 tis-

616 2406 813 2481 simo
867 2406 927 2503 Ι,
982 2410 1053 2502 2,
1107 2409 1405 2480 21-24
1469 2400 1717 2518 (cujus
1795 2416 2053 2481 tamen
2130 2408 2423 2483 incredi
2477 2408 2602 2483 ilis

615 2505 954 2606 pravitas
1020 2503 1300 2579 subtile
1368 2504 1748 2603 judic1um
1824 2504 2205 2580 Ekianum
2281 2532 2598 2606 prorsus

612 2597 1033 2705 praeteriit)
1112 2629 1373 2678 veram
1450 2603 1812 2679 versiculi
1890 2608 1984 2678 22
2039 2604 2601 2705 interpretatio-

612 2730 814 2800 nem,
844 2702 1023 2803 quia
1073 2729 1234 2778 cum
1286 2704 1537 2778 itinere
1589 2706 2121 2798 sententiarum,
2177 2707 2398 2803 quale
2434 2717 2599 2781 tum

614 2797 822 2897 (ante
898 2813 1280 2901 repertam
1357 2829 1619 2878 veram
1683 2799 2322 2899 emendationem)
2412 2818 2597 2903 erat,

612 2902 987 2977 conciliari
1036 2903 1326 3002 nequire
1377 2902 1760 2997 videbam,
1779 2906 1881 3003 fu
1929 2929 2042 2978 ere
2079 2914 2396 2980 conatus
2426 2929 2598 2980 sum

612 3012 712 3098 et,
767 3002 1111 3103 quomodo
1133 3001 1311 3099 fieri
1324 3016 1591 3099 posset,
1627 3012 1849 3076 osten
1907 3028 2033 3077 ere
2063 2997 2267 3096 (nam
2295 3006 2599 3079 nescisse

612 3126 733 3175 me
786 3126 947 3175 rem
1010 3099 1648 3198 vulgatissimam,
1706 3127 1898 3199 quae
1938 3102 2017 3175 in
2055 3101 2407 3177 omnibus
2438 3130 2597 3177 om-

610 3198 822 3274 nium
876 3199 1439 3274 commentariis
1519 3200 1866 3294 traditur,
1941 3201 2107 3275 sola
2168 3202 2598 3277 caecissimi

612 3297 953 3373 censoris
1007 3296 1482 3395 impudentia
1541 3294 1826 3397 fingit);
1890 3300 2165 3374 iterum
2218 3327 2333 3398 eo,
2389 3302 2597 3419 quod

611 3397 713 3494 ΙΙ,
774 3398 839 3493 1,
895 3401 988 3471 37
1069 3397 1328 3472 «Musa
1392 3399 1743 3494 procax&
1791 3398 1886 3472 de
1966 3398 2188 3480 Musa
2249 3403 2596 3477 Pollzonis

611 3495 855 3596 accipi
934 3494 1214 3570 debere
1275 3533 1377 3545 —-
1450 3522 1606 3576 non
1685 3522 1833 3595 ego
1914 3498 2222 3595 quidem
2302 3500 2596 3575 credidi

611 3590 894 3689 (tantae
950 3593 1376 3669 dementiae
1429 3621 1586 3669 non
1609 3591 1832 3694 sum),
1863 3598 2003 3672 sed
2027 3636 2131 3649 —-
2168 3597 2592 3674 credidisse

610 3722 656 3770 a
705 3721 903 3771 vano
957 3692 1478 3770 existimatore
1531 3694 1951 3779 insimulor.
2008 3696 2594 3799 simplicissima

608 3818 732 3869 res
788 3802 927 3888 est,
983 3819 1213 3894 quam
1274 3794 1557 3871 nullius
1636 3796 2032 3898 ingenium
2092 3809 2592 3904 exsuperatu-
