2946 4583
2141 441 2249 500 VH

341 625 605 698 «aulam
715 622 871 697 Sed
923 620 1362 721 hujusmodi
1418 621 1673 695 omnia
1736 646 1875 696 suo
1940 624 2106 697 loco
2158 650 2331 723 per-

346 722 853 798 censebimus.

546 823 1110 898 Crimina'ante
1172 846 1293 894 me
1359 820 1792 896 criticorum
1854 850 2010 897 non
2061 824 2332 896 tollen-

250 928 254 932 ’
346 923 465 998 dis
521 922 899 1018 versibus,
979 923 1118 995 sed
1197 922 1721 1019 emendandis,
1779 923 2106 997 delenda
2159 927 2355 996 esse

346 1047 669 1098 censens
726 1023 876 1097 duo
930 1033 1224 1096 tantum
1281 1022 1616 1096 carmina
1652 1024 1858 1097 haud
1898 1023 2125 1096 dubie
2156 1023 2335 1096 sub-

347 1122 608 1197 diticia
661 1120 1017 1196 damnavi
1075 1133 1153 1194 et
1220 1121 1433 1220 ejeci,
1493 1148 1685 1219 quae
1741 1124 1990 1197 adhuc
2030 1134 2333 1196 sextum

347 1234 425 1296 et
448 1222 937 1296 undecimum
991 1223 1241 1295 locum
1296 1221 1468 1294 libri
1527 1223 1774 1319 quarti
1826 1246 2140 1321 prorsus
2186 1221 2334 1300 ‚im-

347 1321 616 1395 merito
672 1347 1166 1419 occupavere.
1259 1320 1380 1393 Ad
1420 1322 1886 1419 explendum
1917 1321 2334 1394 carminum

345 1447 766 1516 numerum,
824 1422 918 1495 de
975 1447 1123 1518 quo
1177 1419 1505 1493 librariis
1563 1421 2000 1494 constitisse
2062 1420 2336 1519 proba-

346 1520 499 1594 bile
554 1531 694 1616 est,
752 1521 902 1595 duo
982 1520 1131 1594 alia
1207 1544 1387 1592 vere
1466 1520 1887 1594 Horatiana
1939 1518 2333 1594 substitui:

348 1619 674 1694 Carmen
754 1620 1112 1694 Seculare
1177 1614 1335 1713 (IV,
1402 1614 1501 1714 6),
1559 1620 1763 1715 quod
1819 1630 2086 1716 quarto
2140 1618 2336 1692 libro

347 1718 726 1793 inclusum
778 1719 1017 1792 fuisse
1082 1717 1733 1815 locupletissimus
1787 1718 2009 1792 testis
2067 1718 2338 1792 Sueto-

347 1817 519 1892 nius
599 1817 680 1891 in
756 1817 934 1894 Vita
1009 1817 1309 1891 Horatii
1386 1844 1541 1890 non
1604 1818 1925 1891 obscure
1981 1817 2206 1890 docet
2231 1811 2334 1909 *²73

347 1929 426 1991 et
478 1944 784 1992 carmen
836 1917 933 1990 ad
988 1916 1338 1992 Gratium
1394 1911 1554 2011 (IV,
1616 1910 1759 2012 11),
1817 1917 2021 2013 quod
2075 1943 2172 1990 ex
2223 1916 2339 1990 ul-

343 2017 552 2091 timis
633 2017 970 2115 strophis
1052 2018 1239 2091 odes
1329 2017 1426 2090 ad
1513 2016 1843 2090 Lollium
1923 2015 2336 2113 inscriptae

346 2112 507 2213 (IV,
572 2111 646 2210 9)
754 2116 1070 2211 confeci,
1153 2116 1511 2214 quoniam
1588 2117 1732 2189 hae
1814 2116 2198 2213 strophae,
2253 2125 2339 2188 ut

345 2228 552 2290 recte
589 2215 788 2290 vidit
811 2215 1416 2315 Peerlkampius,
1484 2241 1656 2288 cum
1720 2239 1810 2287 ea
1863 2214 2009 2287 ode
2066 2216 2337 2288 cohae-

343 2343 512 2392 rere
590 2343 1073 2415 nequaquam
1150 2325 1499 2413 possunt.
1614 2316 1924 2388 Praeter
2004 2314 2340 2388 carmina

347 2416 499 2491 duo
577 2417 865 2514 rejecta
942 2415 1171 2489 etiam
1234 2440 1331 2488 ex
1392 2414 1564 2511 ipso
1630 2413 1962 2488 carmine
2012 2413 2342 2488 seculari

351 2514 686 2613 quinque
742 2513 934 2612 ejeci
990 2515 1370 2611 strophas,
1428 2538 1618 2610 quas
1661 2539 1892 2610 quum
1920 2513 2339 2588 Domitiani

351 2625 599 2688 aetate
655 2624 859 2687 ortas
916 2637 1088 2686 esse
1145 2612 1520 2710 suspicor,
1583 2622 1746 2686 tum
1809 2614 2053 2687 solam
2107 2638 2338 2710 spon-

348 2712 522 2810 giae
577 2711 1037 2786 medicinam
1089 2713 1415 2786 tolerare
1481 2710 2008 2786 animadverti.
2065 2711 2341 2786 Cetera

349 2810 654 2886 servavi
708 2811 983 2906 omnia,
1037 2810 1266 2885 modo
1346 2810 1459 2884 sic
1540 2811 1965 2906 emendata,
2028 2822 2135 2905 ut,
2189 2809 2342 2884 nisi

348 2911 595 3006 fallor,
648 2910 1050 2984 Horatium
1103 2910 1359 3008 ipsum
1436 2910 1878 3007 loquentem
1931 2909 2180 2984 audiri
2231 2910 2341 2984 fa-

351 3009 494 3085 cile
549 3009 657 3083 sis
714 3035 1242 3084 concessurus.

549 3142 656 3218 Ut
704 3142 880 3215 usui
958 3141 1420 3216 scholastico
1501 3140 1749 3239 aptior
1807 3142 2028 3214 fieret
2078 3138 2340 3234 editio,

349 3268 507 3316 non
558 3242 807 3315 solum
861 3267 959 3315 ex
1011 3240 1341 3339 sapienti
1400 3239 1899 3339 pristinorum
1963 3238 2342 3313 editorum

437 3421 497 3497 ⁴²)
539 3422 734 3495 Ipsum
775 3421 963 3479 locum
1023 3420 1241 3479 indicat
1302 3420 1480 3479 codex
1527 3420 1824 3479 Gothanus
1868 3415 1927 3490 2,
1971 3418 2072 3478 ubi
2115 3431 2345 3476 carmen

349 3503 451 3577 Iv,
496 3500 534 3561 7
582 3504 675 3561 bis
717 3503 948 3577 legitur:
995 3504 1170 3561 semel
1211 3503 1379 3562 solito
1426 3503 1641 3575 ordine,
1686 3503 1892 3561 iterum
1935 3500 2036 3578 (ab
2080 3500 2195 3559 alia
2222 3516 2342 3557 ma-

350 3586 457 3662 nu)
492 3589 639 3659 post
683 3602 926 3645 carmen
984 3582 1267 3645 Seculare
1332 3585 1473 3664 (vid.
1540 3585 1738 3644 Horat.
1805 3585 1892 3643 ed.
1960 3583 2144 3656 Pauly
2206 3598 2340 3656 pag.

355 3666 533 3744 154);
599 3670 750 3727 unde
812 3669 971 3745 patet
1032 3667 1096 3726 in
1162 3668 1354 3743 aliqua
1417 3668 1746 3728 recensione
1793 3683 1990 3727 verum
2031 3663 2343 3724 carminum

351 3752 605 3812 ordinem
643 3751 820 3811 fuisse
862 3751 1162 3810 servatum.
