2946 4583
899 474 954 500 ··
1043 528 1050 533 ,
1139 448 1308 524 Lm:
1339 457 1454 540 ΠΙ,
1497 429 1554 524 4·.

645 599 651 605 ἡ
680 640 950 706 Condire
992 645 1394 723 quaerentem
1437 640 1712 720 labores,
1757 684 1763 690 -

446 731 466 749 ‘
680 793 683 796 .
764 727 969 802 Pierio
988 770 990 774 >
1012 737 1306 803 recreatis
1348 743 1547 802 antro.

607 937 964 1033 Quos-lene
1007 920 1351 1016 consultum
1395 950 1566 1015 haud
1598 950 1801 1034 juvat,
1843 950 1943 1015 his
1985 972 2126 1046 ope·

353 1130 362 1140 .
487 1045 493 1052 '
595 1047 727 1111 Vos
769 1048 1023 1128 deestiS‚
1065 1049 1292 1115 almae.
1379 1048 1643 1128 Scimus,
1686 1055 1755 1113 ut
1795 1049 2022 1131 impios

425 1185 436 1196 ·
506 1147 525 1160 ⁸
563 1149 569 1154 ’
622 1155 627 1158 ’
676 1146 944 1210 Titanas
985 1146 1444 1226 immanemque
1486 1150 1752 1209 turmam
1879 1231 1883 1233 .
1919 1163 1920 1166 ’

628 1324 641 1332 ⁸
770 1242 1061 1309 Fulmine
1103 1242 1419 1308 sustulerit
1460 1241 1717 1321 caduce,

442 1513 479 1542 .,
593 1455 715 1532 Qui
759 1419 998 1530 terram
1041 1457 1338 1533 inertem,
1381 1456 1488 1539 qui
1531 1474 1706 1521 mare
1749 1457 2093 1540 temperat
2127 1519 2136 1524 Γ

394 1594 425 1640 ·.
511 1577 518 1586 ·
597 1553 1051 1638 Ventorumflet
1094 1553 1276 1620 orbes
1318 1554 1632 1636 igneaque
1665 1559 1864 1633 astra,
1907 1555 2012 1634 qui

542 1673 547 1676 Ἴ
677 1649 1001 1732 Divosque
1039 1652 1454 1732 mortalesque
1495 1650 1715 1715 turbas

768 1748 1038 1832 Imperio
1080 1750 1247 1832 regit
1287 1766 1447 1812 unus
1490 1766 1706 1828 aequo.

600 1959 877 2036 Quocum
921 1962 1031 2027 illa
1072 1969 1367 2029 terrorem
1412 1962 1692 2027 incubuit
1732 1960 1772 2025 J
1774 1960 1877 2026 ovi

600 2059 838 2124 Fidens
868 2057 1168 2140 juventus
1211 2060 1465 2124 horrida
1508 2058 1781 2130 brachiis

682 2156 1061 2238 Fratresque
1102 2158 1429 2222 tendentes
1470 2175 1667 2238 opaco

769 2254 984 2319 Pelion
1029 2254 1398 2338 imposuisse
1438 2250 1738 2336 Olympo!

546 2478 550 2483 ’
600 2464 728 2531 Sed
767 2466 919 2548 quid
959 2469 1301 2551 Typhoeus
1343 2475 1406 2532 et
1446 2465 1695 2531 validus
1735 2467 1990 2548 MimaS,

600 2562 730 2643 Aut
770 2563 919 2645 quid
962 2565 1189 2630 minaci
1230 2565 1633 2648 Porphyrion
1677 2569 1872 2644 statu,

684 2659 851 2738 Quid
893 2661 1161 2730 Rhoetus
1204 2661 1559 2741 evulsisque
1601 2654 1836 2727 tr'uncis

772 2756 1128 2823 Enceladus
1158 2757 1469 2840 jaculator
1513 2757 1724 2823 audax

602 2971 654 3036 G
740 2977 839 3037 tra
881 2980 1208 3038 sonantem
1257 2971 1531 3038 Palladis
1572 2972 1807 3056 aegida

652 3074 862 3133 essent
903 3068 1196 3135 ruentes?
1239 3069 1404 3134 Hinc
1445 3069 1672 3134 avidus
1714 3070 1884 3134 stetit

686 3164 1024 3243 Vulcanus,
1067 3166 1217 3229 hinc
1257 3172 1548 3229 matrona
1586 3165 1755 3230 Juno
1794 3174 1858 3230 et

774 3262 1125 3342 Numquam
1171 3259 1444 3326 humeris
1487 3263 1798 3345 positurus
1840 3280 2073 3340 arcum,

600 3455 721 3532 Qui
762 3475 911 3520 rore
951 3475 1108 3539 puro
1150 3457 1467 3525 Castaliae
1503 3461 1660 3526 lavit

600 3552 821 3617 Crines
860 3552 1113 3631 solutos,
1155 3555 1259 3637 qui
1303 3556 1541 3640 Lyciae
1580 3563 1750 3621 tenet

682 3652 956 3714 Dumeta
998 3650 1392 3733 natalemque
1432 3654 1678 3733 silvam,

763 3745 983 3811 Delius
1027 3753 1090 3811 et
1130 3746 1436 3814 Patareus
1478 3749 1721 3833 Apollo.

2255 744 2336 803 40

2258 1248 2339 1306 44

2256 1752 2338 1811 48

2258 2255 2337 2316 52

2262 2763 2342 2822 56

2257 3753 2342 3812 64
