2946 4583
627 367 709 427 26
957 340 960 345 ’
1355 365 1508 429 LIB.
1554 367 1605 444 1,
1637 367 1735 430 24.

1409 546 1646 610 XXIV.

1295 692 1383 748 AI)
1418 691 1795 761 venandum,

752 792 842 855 qui
878 795 1099 843 mortem
1138 792 1370 853 Quintilii
1407 793 1637 846 deflebat
1670 793 2036 845 immoderate.

755 933 952 1066 Quis
994 969 1303 1035 desiderio
1345 976 1702 1053 suppeteret
1743 970 1963 1036 modus

754 1070 915 1132 Tam
961 1067 1088 1130 cari
1135 1064 1399 1147 capitis?
1440 1068 1744 1150 Praecipe
1784 1069 2084 1151 lugubres

757 1166 993 1230 Cantus
1035 1163 1222 1243 mille,
1265 1165 1445 1242 bone,
1489 1166 1553 1229 ol
1598 1166 1664 1229 ni
1705 1166 2005 1249 liquidam
2047 1171 2224 1249 puter

559 1268 598 1325 4
888 1263 1116 1327 Vocem
1161 1280 1300 1325 cum
1344 1262 1585 1328 cithara
1626 1264 1897 1330 abstulit.

767 1507 942 1588 Ergo
984 1505 1349 1581 Quintilium
1394 1514 1730 1588 perpetuus
1774 1527 1958 1590 sopor

769 1603 994 1685 Urget!
1039 1602 1157 1667 Oui
1198 1604 1401 1685 potior
1448 1602 1704 1667 Justitia
1747 1622 1940 1681 soror,

770 1701 1137 1783 Incorrupta
1178 1700 1371 1766 Fides
1410 1700 1703 1781 nudaque
1743 1700 2012 1777 Veritas,

568 1799 607 1856 8
894 1795 1159 1871 Quando
1201 1797 1392 1860 ullum
1433 1797 1713 1862 inveniet
1753 1795 2011 1879 parem?

776 2040 988 2104 Multis
1030 2040 1135 2104 ille
1177 2040 1358 2105 bonis
1398 2039 1626 2106 flebilis
1668 2039 1921 2117 occidit,

778 2135 949 2203 Nulli
990 2137 1254 2203 flebilior
1296 2157 1483 2220 quam
1525 2138 1662 2218 tibi,
1697 2136 1959 2220 Vergili.

778 2236 905 2303 Sed
948 2236 1195 2315 frustra,
1239 2235 1360 2318 pie,
1403 2254 1517 2301 eeu
1560 2254 1878 2301 nummum
1920 2253 1996 2299 ea
2037 2230 2339 2298 creditum

578 2340 657 2401 12
903 2336 1137 2414 Poscis,
1179 2351 1339 2415 quae
1379 2334 1634 2415 integra
1673 2333 1784 2396 vix
1824 2330 1961 2396 deo.

786 2577 993 2655 Quid?
1036 2579 1091 2643 si
1134 2578 1425 2644 Threicio
1472 2576 1764 2644 blandius
1805 2575 2056 2659 Orpheo

785 2678 885 2740 Tu
926 2675 1204 2740 auditam
1246 2676 1567 2740 moderere
1608 2674 1933 2740 arboribus
1970 2671 2155 2736 fidem
2174 2719 2189 2749 ,

785 2774 949 2839 Num
992 2792 1195 2837 vanae
1235 2771 1454 2838 redeat
1495 2771 1755 2853 sangvis
1798 2767 2081 2852 imagini,

586 2874 666 2932 16
914 2866 1115 2943 Quam
1158 2868 1340 2950 virga
1384 2870 1575 2933 semel
1622 2866 1892 2944 horrida,

794 3116 936 3181 Non
978 3114 1137 3179 lenis
1177 3114 1469 3197 precibus
1511 3113 1644 3179 fata
1685 3112 2032 3188 recludere,

795 3213 996 3294 Nigro
1040 3211 1403 3295 compulerit
1443 3211 1787 3275 Mercurius
1831 3209 2058 3292 gregi?

795 3311 1066 3376 Durum!
1110 3309 1222 3373 sed
1263 3309 1463 3372 levius
1503 3306 1574 3371 fit
1613 3307 1955 3389 patientia,-

593 3417 675 3476 20
923 3405 1238 3487 Quidquid
1280 3405 1591 3485 corrigere
1633 3412 1728 3468 est
1770 3402 1963 3467 nefas.

1498 3617 1693 3633 “
