2946 4583
671 395 794 460 120
1274 481 1281 496 ῃ
1365 391 1524 459 LIB.
1567 379 1678 474 Ν,
1716 398 1776 458 9.

704 651 711 660 ⁴
833 574 1080 653 Feri-es,
1123 571 1320 640 divite
1359 592 1462 639 me
1503 573 1740 640 scilieet
1779 575 2027 655 artium,

830 671 1003 747 Quas
1045 677 1155 738 aut
1193 670 1567 738 Parrhasius
1608 672 1862 756 protulit
1902 677 2014 739 aut
2057 670 2315 757 Scopas,

831 768 952 834 Hie
991 789 1169 850 sam,
1209 768 1462 852 liquidis
1504 769 1613 834 ille
1653 769 1965 835 coloribus
2141 848 2149 855 ,

585 871 629 932 8
830 868 1064 934 Sollers
1105 886 1271 932 nune
1311 867 1626 932 hominem
1667 886 1919 951 ponere,
1962 885 2126 932 nune
2166 867 2374 933 deum.

832 966 961 1032 Sed
1003 985 1126 1031 non
1169 965 1327 1031 haee
1367 965 1524 1029 mihi
1564 964 1682 1042 viS‚
1723 982 1840 1029 nee
1880 966 1995 1031 tibi
2035 964 2253 1032 talium

833 1064 961 1129 Res
1002 1069 1097 1128 est
1139 1069 1247 1129 aut
1289 1061 1537 1127 animus
1578 1059 1944 1127 deliciarum
1986 1081 2203 1146 egens.

834 1159 1092 1226 Gaudes
1134 1159 1545 1237 carminibus3
1586 1158 1866 1224 earmina
1907 1179 2240 1244 possumus

589 1261 669 1323 12
832 1258 1088 1324 Donare
1130 1264 1193 1322 et
1232 1256 1505 1342 pretium
1549 1253 1757 1319 dieere
1798 1275 1921 1338 quo
1960 1259 2190 1325 valent.

830 1356 888 1421 N
894 1374 974 1420 on
1015 1354 1213 1420 ineisa
1254 1356 1418 1419 notis
1459 1372 1771 1418 marmora
1811 1356 2106 1437 publicis,

836 1451 961 1516 Per
1006 1469 1167 1532 quae
1209 1440 1466 1535 spiritus
1509 1456 1572 1514 et
1614 1450 1745 1514 vita
1785 1450 1949 1517 redit
1990 1453 2171 1519 bonis

830 1549 984 1613 Post
1024 1554 1285 1613 mortem
1331 1546 1611 1628 dueibus,
1653 1566 1819 1612 nune
1859 1550 2160 1616 scelerum
2206 1551 2272 1616 in
2312 1550 2494 1620 foeos

593 1651 669 1714 16
748 1704 756 1713 .
833 1643 1246 1727 Rejeetasque
1287 1654 1622 1712 retrorsum
1664 1646 2039 1713 Hannibalis
2078 1648 2282 1716 minas

833 1743 984 1808 Post
1024 1743 1402 1823 incensaque
1443 1750 1653 1809 eastra
1693 1746 1967 1825 agminis
2010 1746 2312 1832 impetum
2355 1755 2424 1815 et

833 1839 1010 1922 Ejus,
1051 1841 1157 1922 qui
1201 1842 1438 1906 domita
1478 1861 1706 1907 nomen
1749 1842 1830 1908 ab
1872 1843 2089 1911 Afriea

833 1937 1142 2003 Lueratus
1182 1937 1386 2019 rediit,
1429 1939 1661 2004 elarius
1701 1939 1981 2005 indicant
2173 1997 2174 2000 ,

588 2039 674 2104 20
836 2034 1113 2116 Laudes,
1156 2054 1343 2116 quam
1387 2035 1697 2102 Calabrae
1738 2037 2052 2117 Pierides3
2090 2057 2314 2122 neque,

834 2132 905 2198 Si
950 2134 1211 2199 chartae
1250 2134 1497 2214 sileant,
1539 2135 1704 2216 quod
1745 2136 1907 2200 bene
1949 2136 2189 2217 feceris,

835 2231 1191 2299 Mercedem
1234 2232 1468 2298 tuleris.
1555 2232 1722 2309 Quid
1765 2233 1926 2298 foret
1966 2234 2121 2300 Iliae

834 2329 1263 2413 Mavortisque
1302 2348 1478 2413 puer,
1520 2332 1574 2396 si
1616 2333 2009 2398 taciturnitas

589 2428 674 2491 24
838 2426 1135 2492 Obstaret
1175 2427 1414 2491 meritis
1455 2427 1673 2494 invida
1714 2429 1981 2496 seculis?

835 2525 1145 2609 Ereptum
1187 2524 1433 2608 Stygiis
1472 2520 1760 2589 fluetibus
1802 2518 1984 2591 Ilium

837 2621 1102 2688 Virtutis
1144 2619 1322 2687 favor
1364 2627 1428 2686 et
1469 2621 1687 2704 lingva
1730 2624 2073 2705 potentium

839 2720 1069 2787 Vatum
1112 2721 1412 2786 divitibus
1454 2726 1776 2785 consecrat
1818 2722 2055 2786 insulis.

595 2818 676 2881 28
840 2818 1122 2900 Dignum
1165 2818 1350 2884 laude
1393 2818 1600 2883 virum
1642 2819 1826 2883 Musa
1866 2824 2039 2884 vetat
2078 2820 2265 2899 mori3

839 2914 1030 2980 Coelo
1073 2914 1253 2979 Musa
1296 2916 1458 2980 beat.
1544 2916 1651 2980 Sie
1689 2916 1870 2981 Jovis
1913 2918 2173 2982 interest

840 3010 1091 3094 Optatis
1133 3012 1332 3095 epulis
1372 3013 1642 3096 impiger
1684 3014 2010 3097 Hercules,
2081 3016 2085 3020 ’

841 3108 1093 3176 Clarum
1136 3109 1552 3194 Tyndaridae
1585 3111 1759 3178 sidus
1801 3113 1883 3178 ab
1924 3111 2156 3176 infimis

595 3206 677 3269 32
840 3205 1121 3281 Quassas
1167 3209 1439 3291 eripiunt
1481 3211 1853 3290 aequoribus
1893 3217 2088 3290 rates,

714 3304 730 3334 ⁸
841 3301 1116 3370 Ornatus
1160 3304 1345 3370 viridi
1387 3313 1669 3389 tempora
1710 3310 2004 3392 pampino

844 3400 1033 3469 Liber
1074 3408 1223 3469 vota
1264 3403 1461 3468 bonos
1504 3402 1675 3468 ducit
1716 3404 1800 3469 ad
1842 3405 2064 3471 exitus.

1507 3587 1670 3600 ——.
