2946 4583
1088 391 1243 456 LIB.
1289 391 1401 469 III,
1442 392 1543 455 27.

630 577 808 654 Quae
848 575 1041 642 semel
1081 545 1328 642 eentum
1370 571 1581 653 tetigit
1621 573 1935 653 potentem
1975 573 2047 634 ut
2111 607 2118 612 -

630 673 896 758 Oppidis
939 673 1184 749 Creten,
1230 670 1498 754 patrium
1541 687 1650 733 ore
1690 665 1924 730 dietum
1962 672 2060 732 est

633 772 831 837 Filiae
873 788 1107 834 nomen·
1135 766 1466 849 Pietasque
1506 765 1673 841 luxit⁴

797 869 976 933 Victa
1016 866 1270 930 Furore.

631 1049 846 1115 ”Unde
888 1069 1008 1132 quo
1040 1047 1238 1114 veni?
1284 1045 1472 1122 Levis
1517 1063 1643 1109 una
1687 1059 1852 1107 mors
1894 1046 1990 1108 est

631 1148 963 1231 Virginum
1003 1147 1241 1232 eulpae.
1328 1142 1698 1224 Vigilansne
1739 1139 1914 1221 ploro

628 1247 845 1329 Turpe
887 1243 1301 1322 commissum,
1342 1261 1426 1306 an
1473 1237 1639 1303 vitiis
1681 1241 1998 1301 carentem

801 1340 989 1406 Ludit
1029 1340 1240 1419 imago

636 1526 838 1601 Vana,
881 1539 1040 1603 quae
1081 1525 1262 1602 porta
1303 1515 1556 1598 fugiens
1596 1516 1834 1579 eburna

634 1622 958 1688 Somnium
1001 1615 1211 1681 ducit?
1254 1614 1561 1678 Meliusne
1598 1609 1823 1678 fluetus

639 1722 740 1785 Ire
781 1739 891 1802 per
931 1716 1155 1798 longos
1179 1713 1313 1777 'fuit
1354 1731 1436 1776 an
1479 1719 1760 1776 recentes

801 1816 1079 1898 Carpere
1119 1810 1344 1875 flores?
1753 1835 1756 1838 >

639 2000 707 2065 Si
754 1998 890 2079 quis
932 1994 1227 2060 infamem
1274 1989 1428 2055 mihi
1471 2009 1637 2054 nune
1672 1990 2006 2072 juvencum

642 2096 851 2162 Dedat
892 2094 1108 2170 iratae,
1151 2091 1425 2154 lacerare
1467 2085 1632 2151 ferro
1675 2093 1737 2150 et

643 2196 968 2274 Frangere
1010 2190 1211 2253 enitar
1255 2186 1438 2250 modo
1483 2185 1740 2248 multum
1784 2180 1977 2245 amati

812 2289 1062 2354 Cornua
1105 2285 1379 2351 monstri.

644 2472 983 2556 Impudens
1024 2467 1173 2550 liqui
1217 2468 1451 2550 patrios
1496 2466 1786 2540 Penates,

646 2569 983 2656 Impudens
1027 2567 1253 2632 Oreum
1300 2585 1522 2629 moror.
1609 2560 1663 2626 O
1708 2558 1963 2622 deorum

647 2670 718 2734 Si
761 2670 898 2751 quis
943 2667 1095 2730 haee
1139 2663 1338 2741 audis,
1381 2663 1620 2727 utinam
1662 2659 1825 2722 inter
1866 2671 2071 2718 errem

815 2765 1001 2832 Nuda
1041 2763 1280 2829 leones!

648 2953 996 3031 Antequam
1041 2946 1242 3030 turpis
1285 2944 1517 3008 macies
1560 2940 1850 3004 decentes

647 3049 923 3132 Oeeupet
967 3046 1162 3110 malas
1204 3053 1583 3119 teneraeque
1624 3052 1808 3100 sueus

653 3146 910 3211 Diffluat
954 3143 1246 3228 praedae,
1290 3137 1573 3221 speciosa
1615 3151 1848 3216 quaero

827 3247 1096 3309 Pascere
1137 3236 1359 3319 tigres!

656 3426 842 3490 ”Vilis
888 3420 1184 3505 Europe⁷’‚
1228 3428 1404 3502 pater
1446 3422 1633 3496 urget
1676 3413 1931 3476 absens:

657 3523 853 3600 ”Quid
895 3521 1053 3586 mori
1095 3517 1343 3583 cessas?
1386 3515 1575 3578 Potes
1617 3511 1735 3574 hae
1776 3506 1857 3571 ab
1898 3523 2054 3570 orno

671 3620 1010 3687 Pendulum
1055 3637 1213 3681 zona
1253 3616 1414 3679 bene
1455 3619 1518 3675 te
1559 3616 1771 3674 secuta

832 3716 1109 3782 Laedere
1151 3713 1396 3778 eollum.

2165 391 2278 450 101

2285 861 2365 922 36

2291 1333 2373 1394 40

2298 2277 2379 2338 48

2304 2749 2384 2810 52

2308 3222 2391 3282 56
