2946 4583
1164 440 1324 504 ΜΒ.
1342 479 1345 484 -
1365 440 1453 522 11,
1496 444 1556 506 2.

700 618 960 684 Delenit
1000 624 1213 685 aestus
1254 639 1373 688 nee
1414 621 1692 692 Falerna

785 717 948 782 Vitis
990 718 1606 804 Achaemeniumque
1645 725 1915 802 eostum3

625 896 753 961 Cur
792 897 1153 966 invidendis
1193 902 1479 986 postibus
1519 908 1586 968 et
1623 920 1789 970 novo

623 994 903 1061 Sublime
945 996 1068 1068 ritu
1109 997 1329 1066 moliar
1371 999 1644 1068 atrium?

695 1090 823 1156 Cur
863 1090 1030 1158 valle
1067 1103 1420 1180 permutem
1462 1097 1703 1166 Sabina

778 1190 1052 1258 Divitias
1093 1194 1523 1282 operosiores?

1333 1457 1414 1521 Π.

903 1600 987 1657 nn
1023 1600 1430 1661 nnucfflonn
1465 1577 1839 1663 russonum.

619 1711 1018 1830 Angustam
1062 1749 1265 1814 amice
1305 1751 1671 1834 pauperiem
1713 1749 1846 1833 pati

616 1845 936 1911 Robustus
976 1847 1108 1912 aeri
1144 1846 1375 1926 'militia
1414 1866 1572 1931 puer

697 1942 1037 2012 condiscat
1079 1951 1142 2022 et
1183 1945 1450 2010 Parthos
1491 1944 1731 2010 feroces
1925 2019 1930 2024 ,

785 2041 990 2107 Vexet
1033 2062 1224 2126 eques
1266 2043 1638 2110 metuendus
1682 2040 1865 2107 hasta

616 2218 949 2302 Vitamque
990 2221 1107 2285 sub
1151 2221 1298 2286 divo
1341 2228 1404 2286 et
1443 2221 1709 2306 trepidis
1752 2226 1907 2304 agat

613 2317 688 2381 In
729 2319 946 2396 rebus;
988 2319 1163 2383 illum
1206 2338 1286 2383 ex
1329 2320 1654 2384 moenibus
1698 2317 1955 2384 hosticis

698 2414 988 2479 Matrona
1031 2415 1322 2482 bellantis
1363 2419 1623 2503 tyranni

779 2514 1174 2598 Prospiciens
1217 2521 1279 2579 et
1319 2513 1538 2580 adulta
1582 2517 1766 2598 virgo

617 2693 932 2777 Suspiret:
973 2695 1201 2774 ’2Eheu‚
1244 2714 1325 2758 ne
1365 2694 1542 2760 rudis
1583 2694 1908 2777 agminum

614 2790 902 2875 Sponsus
942 2791 1213 2857 lacessat
1254 2793 1469 2875 regius
1512 2811 1806 2875 asperum

697 2888 900 2953 Taetu
943 2890 1206 2969 leonem,
1249 2909 1433 2971 quem
1478 2896 1737 2955 eruenta

778 2988 900 3069 Per
943 2988 1182 3061 medias
1224 2987 1392 3071 rapit
1432 2988 1529 3053 ira
1573 2987 1858 3054 eaedesl'’

619 3168 826 3232 Dulce
868 3176 932 3233 et
973 3170 1266 3235 decorum
1311 3174 1407 3232 est
1447 3189 1562 3252 pro
1604 3168 1810 3252 patria
1851 3168 2037 3246 mori;

617 3264 788 3329 Mors
812 3270 893 3335 ,et
933 3265 1223 3349 fugacem
1265 3266 1656 3348 persequitur
1698 3266 1898 3331 virum

701 3362 835 3427 Neo
876 3365 1078 3446 parcit
1118 3362 1386 3428 imbellis
1416 3362 1721 3446 juventae

784 3460 1131 3542 Poplitibus
1173 3462 1460 3527 timuitve
1501 3468 1702 3545 terga.

618 3640 834 3705 Virtus
874 3642 1162 3724 repulsae
1204 3644 1417 3709 nescia
1458 3642 1753 3708 sordidae

620 3737 767 3804 Jam
809 3746 1031 3823 sponte
1067 3740 1232 3807 natis
1275 3740 1478 3823 fulget
1519 3739 1857 3806 honoribus

2207 449 2288 511 67

2288 2988 2367 3049 12

2287 3461 2367 3520 16
