2946 4583
655 427 735 486 58
1363 426 1519 493 ΜΒ»
1561 428 1643 508 11,
1691 433 1787 495 16.

735 602 983 667 Vivitur
1025 623 1222 686 parvo
1263 606 1443 688 bene,
1485 609 1582 674 oui
1625 616 1953 692 paternum

733 699 1035 783 Splendet
1077 702 1140 767 in
1184 723 1401 770 mensa
1442 706 1614 770 tenui
1655 706 1921 771 salinum

733 798 866 863 Nee
908 798 1079 865 leves
1122 820 1370 868 somnos
1412 804 1598 868 timor
1638 812 1747 869 aut
1788 804 2017 887 cupido

570 898 649 960 16
855 894 1160 964 Sordidus
1200 897 1423 966 aufert.

728 1107 894 1183 Quid
923 1109 1096 1176 brevi
1140 1112 1334 1178 fortes
1365 1112 1718 1195 jaculamur
1760 1133 1920 1180 aevo

730 1207 967 1272 Multa?
1010 1207 1176 1286 Quid
1218 1219 1418 1277 terras
1460 1210 1586 1276 alio
1629 1213 1904 1278 calentes

729 1303 876 1370 Sole
916 1310 1260 1374 metamur?
1303 1310 1556 1375 Patriae
1598 1310 1736 1391 quis
1778 1310 1954 1375 exsul

564 1402 646 1465 20
853 1402 938 1468 Se
978 1425 1219 1488 quoque
1263 1408 1467 1490 fugit?

729 1615 987 1683 Soandit
1029 1627 1278 1686 aeratas
1319 1621 1547 1686 vitiosa
1588 1639 1828 1704 puppes

729 1713 896 1779 Oura
938 1735 1054 1781 nee
1093 1722 1332 1783 turmas
1373 1718 1647 1800 equitum
1689 1716 2015 1799 relinquet,

726 1809 912 1876 Ocior
953 1815 1155 1880 cervis
1198 1822 1261 1879 et
1301 1820 1533 1898 agente
1568 1813 1813 1878 nimbos

562 1908 644 1969 24
848 1909 1032 1976 Oeior
1072 1912 1258 1976 Euro,

724 2122 919 2188 Laeto
960 2124 1066 2189 ubi
1108 2125 1173 2190 in
1217 2143 1514 2209 praesens
1555 2124 1763 2188 animo
1806 2144 1894 2205 es,
1947 2125 2112 2208 quod
2143 2127 2313 2195 ultra
2354 2137 2467 2211 est,

723 2218 950 2287 Oderis
995 2241 1240 2304 eurare3
1282 2224 1365 2288 ad
1408 2242 1625 2289 amara
1667 2220 1817 2287 fletu

721 2320 1032 2403 Tempera
1074 2328 1137 2387 et
1178 2323 1347 2401 rixa3
1389 2322 1548 2387 nihil
1590 2327 1688 2386 est
1731 2321 1813 2385 ab
1858 2323 2026 2387 omni

559 2417 640 2479 28
847 2418 1035 2483 Parte
1075 2418 1347 2486 beatum.

725 2631 999 2697 Abstulit
1039 2631 1270 2696 clarum
1316 2633 1438 2697 cita
1477 2651 1643 2697 mors
1685 2630 2017 2710 Achillem3'

725 2729 949 2812 Longa
990 2729 1324 2794 Tithonum
1370 2731 1592 2803 minuit
1633 2734 1948 2809 senectus3

723 2826 874 2891 Fert
915 2826 1065 2891 mihi
1110 2835 1328 2911 sponte
1370 2827 1457 2906 id,
1500 2827 1611 2890 tibi
1655 2826 1819 2907 quod
1862 2829 2111 2908 negarit

562 2925 642 2985 32
846 2924 1178 3005 Porrigere
1220 2923 1393 2987 hora.
1722 2936 1733 2947 ·

726 3137 824 3203 'I'u
869 3139 1037 3220 regis
1068 3137 1202 3219 jam
1241 3156 1452 3220 agros,
1496 3137 1744 3203 Siculae
1790 3135 1955 3202 unde
1996 3145 2243 3203 eentum

727 3231 1019 3315 Mugiunt
1059 3254 1307 3314 vaceae,
1350 3234 1462 3299 tibi
1506 3235 1695 3300 tinnit
1735 3255 1949 3319 ungve

726 3331 958 3415 Saepta
1003 3330 1326 3412 quadrigis
1369 3351 1560 3413 equa3
1602 3339 1664 3397 te
1706 3333 1803 3398 bis
1844 3334 2001 3397 Afro

563 3434 642 3495 36
847 3427 1085 3493 Murice
1125 3427 1360 3491 tinctae

726 3609 1016 3674 Vestiunt
1057 3609 1266 3674 lanae:
1312 3580 1461 3672 mihi
1505 3627 1707 3692 parva
1749 3628 1897 3674 rura
1939 3616 2001 3674 et

727 3707 1025 3790 Spiritum
1068 3707 1299 3791 Grajae
1340 3713 1589 3771 tenuem
1635 3706 1952 3773 Camenae
