2946 4583
636 906 716 967 28

639 1375 719 1436 32

524 3299 728 3359 ‚12

654 3775 731 3835 16

715 433 797 492 80

1436 425 1594 488 LIB.
1640 424 1751 503 111,
1795 427 1853 485 8.

881 609 1019 685 Quo
1062 607 1171 671 vix
1211 625 1377 671 nunc
1416 606 1578 671 alius
1618 605 1868 672 flectere
1909 623 2133 686 equum
2177 606 2380 672 sciens

881 709 1097 788 Aeque
1139 704 1512 788 conspicitur
1554 695 1841 786 'gramine
1882 703 2131 782 Martio,

963 805 1097 869 Nec
1138 802 1464 884 quisquam
1508 807 1684 866 catus
1725 819 1922 882 aeque

1047 902 1253 966 Tusco
1296 899 1607 983 praenitet
1648 899 1848 965 alveo.

882 1081 1099 1146 Prima
1140 1087 1321 1146 nocte
1363 1080 1617 1145 domum
1660 1079 1882 1146 claude
1922 1099 2124 1161 neque
2163 1080 2229 1144 in
2272 1081 2410 1144 vias

883 1181 1014 1245 Sub
1058 1187 1246 1244 cantu
1288 1177 1586 1260 querulae
1630 1178 1882 1262 despice
1923 1180 2143 1257 tibiae3

968 1278 1223 1356 Sanam,
1266 1295 1512 1360 sperne,
1555 1284 1736 1340 vocat
1778 1276 1833 1340 si

1049 1376 1311 1453 Duram,
1353 1383 1417 1439 et
1457 1374 1729 1486 difficilis
1770 1393 1973 1440 mane.

1562 1756 1713 1823 v111
1745 1837 1750 1841 ,

1334 1905 1421 1960 AD
1458 1904 1919 1962 MAECENATEM.

893 2015 1179 2123 Martiis
1221 2052 1465 2117 coelebs
1509 2051 1658 2133 quid
1700 2072 1891 2134 agam
1934 2052 2258 2131 Calendis,

890 2148 1056 2225 Quid
1098 2151 1292 2216 velint
1331 2149 1517 2215 flores
1558 2157 1623 2213 et
1662 2167 1877 2216 acerra
1918 2151 2119 2217 thuris

884 2248 1101 2328 Plena,
1142 2242 1405 2328 miram,
1448 2248 1810 2332 positusque
1852 2250 2041 2315 carbo
2082 2250 2148 2315 in

970 2346 1262 2430 Caespite
1305 2347 1450 2411 vivo
1463 2394 1481 2425 ,

888 2528 1088 2592 Docte
1128 2546 1376 2593 sacrum
1406 2526 1515 2609 jus
1555 2527 1876 2607 utriusque
1917 2526 2199 2611 lingvael

889 2625 1203 2691 Voveram
1247 2626 1460 2690 dulces
1501 2625 1721 2708 epulas
1762 2632 1825 2690 et
1866 2624 2076 2689 album

974 2722 1200 2788 Libero
1244 2741 1520 2805 caprum,
1563 2741 1757 2806 prope
1797 2719 2120 2787 funeratus

1057 2819 1319 2886 Arboris
1360 2820 1505 2885 ictu.

892 3000 1012 3065 Hic
1052 3000 1188 3066 dies
1229 3020 1395 3065 anno
1438 2999 1738 3064 redeunte
1778 2999 1974 3064 festus

892 3099 1202 3164 Corticem
1242 3097 1565 3163 astrictum
1608 3097 1746 3180 pice
1786 3094 2129 3161 dimovebit

891 3196 1250 3280 Amphorae
1290 3196 1527 3261 fumum
1571 3196 1784 3261 bibere
1828 3195 2149 3260 institutae

1057 3292 1325 3358 Consule
1365 3293 1568 3357 Tullo.

895 3476 1106 3555 Sume,
1147 3476 1500 3553 Maecenas,
1543 3474 1806 3557 cyathos
1847 3474 2034 3538 amici

894 3574 1160 3656 Sospitis
1200 3579 1528 3638 cunctans:
1572 3569 1800 3653 vigiles
1839 3569 2130 3636 lucernas

895 3670 1169 3738 Verterit
1208 3669 1358 3734 dum
1400 3670 1513 3748 sol,
1554 3665 1770 3751 procul
1811 3669 1977 3734 abde
2020 3668 2284 3731 honesta

1021 3769 1199 3835 Clam
1240 3776 1350 3834 tua
1388 3768 1546 3848 iura.
