2946 4583
674 410 755 469 38
1390 412 1547 480 LIB.
1591 415 1643 496 I,
1685 422 1783 483 37.

866 591 1031 655 Dum
1073 592 1449 658 comminato
1491 612 1633 659 eum
1675 616 1875 681 grege
1915 601 2187 683 turpium

855 686 1051 752 Nobis
1093 687 1367 753 virorum
1409 690 1714 771 quidlibet
1753 694 2065 778 impotens

938 783 1210 866 Sperare
1249 783 1622 870 fortunaque
1663 788 1831 854 dulei
1875 800 1969 857 est

589 881 668 940 12
1021 882 1230 948 Ebria.
1318 882 1446 948 Sed
1491 884 1712 949 minuit
1753 885 2028 954 furorem

855 1061 979 1125 Vix
1021 1081 1146 1126 una
1187 1083 1402 1146 sospes
1444 1065 1627 1129 navis
1669 1066 1750 1130 ab
1793 1068 2067 1149 ignibus,

852 1158 1246 1242 Montemque
1287 1159 1678 1244 lymphatam
1723 1182 1759 1226 e
1800 1164 2138 1232 Mareotico

935 1255 1206 1339 Redegit
1248 1257 1491 1340 impuro
1535 1262 1774 1322 tumore

583 1351 663 1409 16
1015 1354 1268 1432 Caesar,
1312 1356 1393 1420 ab
1439 1355 1623 1420 Italia
1664 1358 1952 1425 voranda

846 1533 1194 1598 Remissam
1239 1534 1579 1615 adurgens,
1623 1538 1917 1620 accipiter
1958 1540 2132 1605 velut

850 1628 1070 1695 Molles
1113 1633 1430 1696 columbas
1475 1640 1585 1696 aut
1627 1633 1901 1715 leporem
1944 1645 2121 1701 eatus

928 1726 1204 1791 Venator
1247 1730 1308 1791 in
1353 1730 1590 1810 eampis
1635 1729 1883 1808 nivatis,

576 1819 658 1877 20
1008 1827 1145 1887 Jam
1190 1826 1396 1888 omine
1438 1844 1531 1903 ee,
1575 1826 1754 1889 daret
1794 1834 1862 1891 ut
1905 1833 2141 1896 eatenis

843 1999 1067 2065 Fatale
1109 2009 1471 2067 monstrum.
1558 2001 1734 2078 Quae
1767 2010 2131 2086 generosius

844 2096 1062 2160 Perire
1103 2117 1408 2179 quaerens
1453 2120 1569 2164 nee
1613 2102 1775 2166 male
1811 2105 2080 2188 disparis

927 2193 1205 2276 Expavit
1247 2216 1461 2263 ensem
1503 2219 1620 2264 nee
1663 2201 1965 2280 labantes,

572 2284 656 2345 24
1007 2290 1238 2358 Clausa
1283 2296 1385 2360 ubi
1428 2317 1530 2361 res
1572 2299 1715 2373 eita,
1760 2301 1999 2381 sprevit
2042 2302 2257 2367 horas:

841 2468 1015 2533 Ausa
1056 2477 1124 2534 ut
1154 2472 1469 2554 jacentem
1513 2477 1717 2539 visere
1759 2482 1999 2561 regiam

841 2563 1033 2629 Vultu
1075 2586 1315 2649 sereno,
1359 2573 1538 2637 fortis
1578 2574 1668 2637 ita
1710 2592 1969 2657 asperas

921 2661 1224 2729 Tractare
1265 2676 1588 2749 serpentes
1630 2677 1693 2732 et
1734 2678 1936 2736 atrum

570 2753 652 2813 28
1003 2758 1276 2842 Carpere
1318 2765 1484 2845 quod
1526 2764 1703 2830 fieret
1745 2787 2054 2833 venenum

839 2933 938 2998 De
979 2936 1178 3002 libera
1219 2962 1332 3005 vas
1376 2951 1573 3005 morte
1614 2944 1858 3009 fidelius

835 3028 1082 3097 Cavens
1124 3036 1401 3102 Liburno
1444 3038 1709 3103 sollicito
1754 3042 2039 3123 invicem,
2085 3056 2151 3112 ut

914 3129 1161 3196 Praeda
1203 3140 1343 3198 aeta
1384 3134 1513 3199 dux
1555 3136 1673 3201 iret
1714 3139 1980 3220 superbo

565 3221 645 3282 32
999 3228 1140 3292 Non
1183 3229 1434 3295 humilis
1477 3233 1696 3297 mulier
1739 3235 2071 3324 triumpho.

1460 3444 1660 3454 ——-—-.
