2946 4583
2115 455 2275 516 XVII

369 648 533 692 mum
576 631 883 706 loquaris3
931 651 1016 692 an
1059 634 1308 705 vereris,
1353 654 1428 695 ne
1471 638 1645 714 apud
1672 643 1947 712 posteros
1989 637 2226 713 infame
2250 638 2359 696 tibi

365 733 465 803 sit,
529 732 698 806 quod
749 733 1019 792 videaris
1073 727 1429 806 familiaris
1494 737 1670 794 nobis
1732 718 1905 797 esse?
1951 738 2357 812 Expressitque

368 831 646 906 Eulogam
688 834 759 890 ad
802 849 881 904 se,
927 833 1088 907 cujus
1129 833 1353 891 initium
1396 835 1506 893 est:

540 946 744 1021 Quum
786 951 864 1004 tot
904 948 1214 1007 sustineas
1258 952 1314 1007 et
1350 952 1522 1007 tanta
1565 952 1802 1024 neqolia
1846 953 2040 1023 solus,

533 1045 658 1104 Res
703 1044 906 1103 Italas
949 1047 1144 1103 armis
1184 1048 1418 1118 tuteris,
1460 1050 1730 1108 moribus
1772 1066 1973 1121 ornes,

536 1142 807 1216 Leqibus
850 1146 1154 1204 emendes:
1197 1145 1268 1203 in
1297 1147 1556 1220 publica
1599 1150 1898 1207 commoda
1930 1165 2189 1221 peccem,

543 1241 609 1300 Si
650 1243 826 1314 lonyo
870 1259 1140 1303 sermone
1182 1261 1377 1304 morer
1418 1249 1527 1303 tua
1568 1250 1851 1318 tempora,
1895 1245 2142 1307 Caesar.

532 1356 745 1416 Habitu
808 1360 1055 1432 eorporis
1118 1359 1230 1417 fuit
1277 1359 1466 1418 brevis
1516 1363 1682 1434 atque
1727 1363 1948 1434 obesu8‚
1993 1363 2177 1437 qualis
2219 1365 2277 1423 et
2317 1381 2354 1422 a

365 1459 544 1516 semet
583 1457 707 1531 ipso
748 1457 811 1515 in
876 1457 1076 1516 Satiris
1145 1458 1483 1517 describitur
1544 1461 1603 1517 et
1664 1460 1736 1518 ab
1778 1459 2039 1533 Augusto
2079 1463 2189 1520 hac
2231 1462 2350 1537 epi-

361 1556 533 1616 stola:
582 1555 843 1614 Pertulit
880 1557 965 1615 ad
1002 1574 1093 1615 me
1148 1554 1425 1628 Onysius
1468 1557 1740 1616 libellum
1782 1562 1975 1630 tuum,
2019 1577 2194 1634 quem
2243 1577 2353 1632 eqo

360 1649 431 1712 ut
469 1670 512 1712 a
552 1658 867 1726 causante,
909 1656 1505 1729 quantuluscumque
1548 1660 1653 1726 est,
1707 1656 1848 1714 boni
1887 1659 2156 1716 consulo.
2245 1656 2350 1716 Ve-

358 1751 488 1811 reri
548 1756 746 1812 autem
807 1754 959 1811 mihi
1020 1753 1267 1824 videris,
1332 1772 1407 1812 ne
1469 1753 1733 1824 maiores
1796 1754 1988 1814 libelli
2048 1756 2142 1814 tui
2203 1756 2350 1826 sint,

359 1865 545 1922 quam
586 1851 717 1923 ipse
760 1867 854 1921 es,·
899 1852 1007 1911 sed
1043 1852 1152 1909 tibi
1216 1856 1455 1910 statura
1520 1853 1699 1922 deest,
1751 1852 2182 1926 corpusculum
2221 1868 2347 1910 non

357 1947 535 2008 deest.
602 1947 820 2022 Itaque
863 1951 1059 2010 licebit
1097 1951 1167 2009 in
1210 1950 1531 2010 semiariolo
1554 1950 1813 2020 scribas,
1835 1953 1906 2009 ut
1931 1950 2227 2009 circuitus
2250 1966 2347 2009 vo·

353 2047 611 2106 luminis
632 2049 724 2106 tui
746 2049 829 2106 sit
869 2041 1365 2128 ὃγκωδὲστατος
1387 2051 1545 2107 sicut
1585 2054 1676 2109 est
1694 2050 2018 2109 ventriculi
2052 2050 2160 2108 tui.
2294 2046 2343 2124 ¹)

520 2144 682 2205 Vixit
719 2149 1021 2221 plurimum
1064 2148 1125 2206 in
1168 2165 1394 2207 secessu
1435 2149 1584 2207 ruris
1606 2149 1694 2207 sui
1717 2149 1913 2206 Sabini
1933 2152 2032 2208 aut
2054 2149 2251 2207 Tiburi
2264 2144 2342 2223 2),

357 2245 660 2321 domusque
688 2241 739 2322 ⁸)
783 2247 1099 2307 ostenditur
1142 2248 1292 2306 cirea
1362 2246 1626 2305 Tiburni
1689 2246 1981 2306 luculum.
2006 2243 2066 2323 4)
2156 2246 2341 2308 Vene-

354 2345 490 2403 runt
530 2345 593 2404 in
634 2363 834 2404 manus
874 2362 1029 2405 meas
1071 2347 1130 2403 et
1170 2343 1338 2418 Elegi
1400 2344 1506 2402 sub
1573 2344 1740 2403 titulo
1805 2345 1927 2420 ejus
1970 2345 2029 2404 et
2070 2345 2341 2419 epistolae

353 2459 523 2516 prosa
566 2444 814 2503 oratione
861 2444 1023 2517 quasi
1066 2441 1511 2501 commendantis
1558 2460 1617 2502 se
1660 2443 1998 2515 Maecenati,
2042 2444 2143 2504 sed
2184 2445 2339 2503 utra-

355 2557 465 2614 que
506 2540 653 2600 falsa
694 2545 855 2616 put03
900 2560 1032 2601 nam
1075 2541 1247 2615 Elegi
1268 2541 1555 2614 vulgum,
1601 2543 1843 2615 epistola
1884 2542 2058 2601 etiam
2083 2543 2340 2614 obscura,

354 2655 464 2712 quo
505 2640 642 2699 vitio
684 2642 912 2700 minime
953 2641 1268 2699 tenebatur.

423 2801 466 2863 ¹)
499 2806 561 2855 In
603 2805 710 2855 loco
762 2805 932 2854 multis
992 2808 1234 2868 suspecto,
1288 2819 1430 2867 quem
1486 2802 1564 2851 hic
1618 2803 1943 2854 omittendum
1997 2801 2180 2860 curavi,
2242 2802 2339 2851 duo

353 2888 502 2937 verba
534 2888 662 2936 haud
700 2888 843 2937 dubie
879 2887 947 2936 sic
983 2891 1098 2935 sunt
1149 2886 1471 2935 emendanda:
1527 2887 1751 2950 «specula
1802 2890 1905 2936 toto
1951 2886 2173 2934 cubiculo
2209 2900 2341 2934 scor·

353 2974 470 3019 tuns
515 2971 694 3020 dieitur
744 2971 971 3019 habuisse
1023 2969 1302 3034 dispositas«
1352 2970 1583 3019 Ceterum
1637 2983 1725 3033 per
1776 2985 1829 3017 se
1881 2972 2020 3032 patet
2070 2982 2338 3025 rumorem,

354 3069 501 3117 quom
535 3054 769 3102 hocloco
805 3053 957 3102 tradit
1018 3051 1279 3101 Suetonius
1317 3051 1401 3111 (cf.
1457 3051 1732 3110 sslicitum),
1787 3067 1884 3101 non
1941 3051 2103 3098 miuus
2158 3065 2339 3098 vanum

352 3151 474 3195 esse,
512 3152 656 3199 quam
692 3136 813 3185 illud
848 3135 899 3184 iu
934 3135 1076 3184 initio
1113 3135 1245 3183 vitae
1281 3133 1340 3182 de
1374 3137 1516 3196 patre
1553 3133 1936 3181 salsamentario.

418 3232 464 3296 ⁸)
506 3232 686 3282 Tiburi
717 3251 774 3284 ex
819 3234 1102 3298 conjectura
1154 3249 1262 3282 mea
1313 3232 1586 3282 certissima
1637 3232 1732 3292 (cfr
1782 3232 1907 3282 Hor.
1961 3233 2124 3282 Canu.
2168 3231 2254 3289 IV,
2289 3228 2339 3289 2,

348 3314 575 3377 30-323
610 3318 696 3376 IV,
732 3314 780 3375 3,
817 3314 1038 3373 10-12ς
1075 3316 1233 3379 Epist.
1269 3317 1312 3373 Ι,
1347 3311 1395 3373 8,
1432 3312 1521 3372 123
1568 3315 1715 3363 etiam
1755 3316 1918 3364 Carm-
1955 3316 1995 3373 1,
2030 3311 2079 3372 7,
2116 3310 2338 3371 10--14;

350 3402 422 3459 11,
457 3397 507 3459 6,
542 3396 719 3460 5—6);
755 3401 902 3463 vulgo
944 3396 1215 3456 Tiburtini,
1256 3398 1384 3462 quod
1422 3401 1497 3446 est
1532 3403 1702 3462 aperte
1736 3399 1932 3446 falsum.

417 3498 464 3560 ⁸)
498 3501 540 3549 1.
578 3516 620 3548 e.
656 3499 846 3557 domus,
881 3499 965 3548 ubi
1017 3499 1347 3562 «permultum
1399 3497 1563 3554 vixit«,
1599 3497 1691 3554 vel,
1728 3500 1786 3545 ut
1819 3495 1993 3544 melius
2027 3495 2217 3558 loquar,
2254 3495 2338 3541 do-

349 3595 477 3639 mun,
511 3580 564 3629 in
600 3597 695 3645 qua
746 3582 967 3631 habitare
1019 3583 1121 3630 fero
1173 3580 1345 3629 Tiburi
1397 3581 1600 3638 solebat,
1651 3578 1936 3640 inquilinus,
1990 3577 2187 3642 opiuor;
2224 3593 2335 3625 nam

350 3663 579 3713 dominus
615 3664 821 3713 aedificii
857 3664 1007 3713 fuisse
1043 3664 1121 3712 vix
1156 3664 1366 3713 videtur.

416 3761 460 3821 ⁴)
499 3762 762 3812 Inclinatas
812 3764 1004 3813 litteras
1057 3762 1271 3821 adhibui,
1326 3763 1552 3826 quonium
1594 3759 1808 3810 citantur
1844 3777 1871 3808 a
1906 3757 2139 3808 Suetonio
2182 3756 2336 3821 ipsius

348 3846 545 3914 Horatii
583 3847 730 3894 verba
766 3846 930 3895 Canu.
966 3846 1008 3902 Ι,
1043 3840 1092 3903 7,
1129 3840 1208 3894 13.
