2946 4583
1414 322 1453 357 κ’(

1174 448 1331 514 LIB.
1374 448 1457 530 ΙΙ,
1503 451 1558 513 1·.

622 631 768 696 Jam
809 649 975 695 nune
1014 631 1243 694 minaei
1286 589 1604 694 affirmare
1646 648 1942 693 cornuum

614 727 1002 810 Pei-stringis
1044 746 1248 806 aures,
1279 726 1414 808 jam
1457 725 1596 791 litui
1638 730 1950 809 strepunt,

699 825 847 889 Jam
891 823 1104 907 fulgur
1147 845 1459 889 armorum
1504 822 1764 903 fugaces

368 923 451 984 20
779 924 1002 987 Terret
1043 941 1233 1004 equos
1276 923 1675 1017 equitumque
1716 919 1944 987 vultus.

615 1102 813 1168 Adire
836 1120 1109 1167 -maneos
1150 1120 1270 1182 quo
1314 1099 1500 1164 video
1544 1099 1794 1164 ordines

615 1201 743 1264 Diu
783 1199 1011 1264 decoro
1054 1197 1313 1279 pulvere
1354 1195 1668 1272 sordidos,

695 1299 797 1362 En
839 1303 1064 1361 cuneta
1104 1300 1407 1359 terrarum
1451 1292 1712 1356 subacta

365 1395 449 1456 24
779 1394 1041 1458 Praeter
1082 1397 1354 1459 atrocem
1397 1391 1675 1477 animum
1717 1387 2001 1453 Catonis!

612 1570 779 1639 Juno
822 1580 886 1639 et
927 1573 1185 1638 deorum
1228 1573 1529 1654 quidquid
1568 1571 1831 1636 amicius
1893 1656 1896 1657 7

611 1669 784 1736 Afris
825 1671 1025 1736 inulta
1067 1664 1339 1735 aesserat
1376 1671 1688 1752 impotens

698 1770 989 1851 Tellure,‘
1016 1768 1319 1832 victorum
1362 1773 1622 1848 nepotes

364 1868 446 1928 28
778 1868 908 1931 Ter
951 1864 1091 1929 tulit
1131 1865 1387 1943 inferias
1428 1862 1580 1945 jugo
1622 1863 1797 1927 actis.

611 2044 764 2122 Qu‘is
807 2067 931 2111 non
976 2042 1200 2109 L'atino
1243 2045 1555 2126 sangvine
1596 2043 1890 2127 pingvior

610 2144 887 2226 Campus
930 2141 1229 2225 sepulcris
1271 2142 1465 2223 impia
1509 2139 1746 2223 proelia

688 2241 1002 2318 Testatur,
1045 2237 1255 2302 hausit
1295 2238 1421 2317 jam
1464 2237 1634 2302 unde
1678 2237 1907 2303 Medus

360 2341 444 2403 32
775 2337 1119 2419 Hesperiae
1159 2335 1428 2400 sonitum
1470 2337 1737 2401 ruinae?

606 2518 728 2596 Qui
769 2536 1006 2600 gurges
1049 2524 1156 2581 aut
1198 2535 1358 2597 quae
1396 2515 1656 2583 flumina
1698 2517 1984 2600 lugubris

604 2616 840 2698 Ignara
884 2615 1073 2679 belli?
1117 2611 1283 2696 quod
1327 2632 1500 2676 mare
1544 2615 1831 2680 Dauniae

687 2713 829 2778 Non
873 2702 1313 2774 decoloravere
1354 2711 1623 2775 caedes?

357 2810 440 2871 36
619 2785 663 2842 ’Ψ
744 2807 948 2885 -Quae
988 2813 1159 2872 earet
1199 2827 1312 2873 ara
1353 2826 1573 2874 eruore
1617 2809 1869 2873 nostro?

607 2987 734 3053 Sed
776 3007 857 3053 ne
899 2986 1151 3067 relictis,
1194 2988 1376 3053 Musa
1417 3009 1671 3072 procem,
1705 2989 1866 3072 jocis

606 3086 681 3150 In
722 3093 786 3150 te
828 3083 1113 3150 reflectas
1155 3087 1410 3151 nomina
1460 3088 1704 3165 neniae,

683 3184 927 3249 Mecum
972 3184 1253 3248 Dionaeo
1294 3183 1410 3247 sub
1453 3191 1634 3247 antro

354 3283 436 3354 40
763 3278 1010 3356 Quaere
1040 3279 1268 3347 modos
1309 3280 1546 3347 leviore
1589 3281 1843 3363 plectro.

428 3357 539 3383 »π-ικ

2207 451 2286 510 41
