2946 4583
1135 468 1291 535 LIB.
1336 468 1413 547 V,
1458 470 1556 532 16.
2144 466 2257 528 147

520 657 726 735 Quum
769 661 856 733 tu,
899 669 1269 734 magnorum
1311 667 1542 713 numen
1582 648 1831 713 laesura
1872 646 2149 725 deorum,

609 753 823 822 Lentis
865 751 1215 816 adhaerens
1259 745 1532 810 brachiis
2305 747 2345 808 4

523 853 741 918 Artius
784 850 944 928 huie,
988 868 1171 931 quam
1219 845 1449 910 hedera
1490 863 1752 929 proeera
1802 842 2170 927 astringitur
2199 840 2347 921 ilex,

608 954 682 1015 In
724 949 918 1014 verba
959 946 1212 1028 jurabas
1252 961 1418 1006 mea:

530 1049 696 1113 Dum
740 1047 948 1130 peeori
990 1044 1171 1127 lupus
1214 1048 1276 1106 et
1318 1040 1528 1104 nautis
1569 1038 1831 1103 infestus
1872 1036 2100 1116 Orion,

608 1147 901 1226 Turgens
943 1149 1006 1208 et
1046 1142 1370 1204 hibernum
1414 1157 1606 1216 mare,
2308 1134 2347 1193 8

529 1243 694 1307 Dum
736 1241 1015 1306 intonsos
1057 1241 1381 1318 vegetaret
1424 1234 1730 1317 Apollinis
1774 1233 1929 1298 hora
1969 1230 2245 1315 capillos,

611 1340 771 1403 Fore
816 1337 979 1401 hune
1021 1351 1292 1397 amorem
1338 1337 1634 1394 mutuum.

531 1437 691 1502 Vae!
737 1434 1006 1499 dolitura
1046 1450 1187 1494 mea
1230 1450 1297 1493 es
1340 1428 1598 1493 multum
1640 1428 1868 1492 virtute
1907 1428 2184 1507 Neaera3

615 1535 777 1597 Nam
819 1530 872 1595 si
917 1527 1065 1610 quid
1109 1528 1174 1590 in
1219 1527 1442 1591 Flaeeo
1487 1525 1605 1588 viri
1647 1532 1762 1604 est,
2272 1525 2348 1584 12

529 1632 669 1696 Non
714 1631 869 1692 feret
912 1624 1197 1690 assiduas
1240 1624 1463 1707 potiori
1505 1630 1568 1686 te
1608 1621 1762 1686 dare
1803 1626 2016 1686 noetes

613 1728 698 1791 Et
734 1729 993 1806 quaeret
1033 1721 1229 1785 iratus
1272 1738 1509 1803 parem,

530 1826 663 1891 Nee
706 1821 899 1889 semel
941 1820 1005 1883 o!
1047 1817 1294 1883 faustae
1334 1816 1514 1881 eedet
1555 1816 1906 1882 constantia
1946 1813 2207 1893 formae,

613 1922 683 1987 Si
722 1919 914 1985 eorda
955 1914 1209 1980 mutarit
1249 1914 1442 1980 dolor.
2273 1913 2352 1975 16

531 2020 615 2084 Et
655 2027 741 2098 tu,
784 2018 1152 2099 quicumque
1193 2030 1263 2077 es
1304 2010 1542 2076 felieior
1584 2016 1771 2093 atque
1812 2030 1952 2077 meo
1993 2027 2159 2076 nune

612 2115 931 2199 Superbus
972 2110 1210 2178 ineedis
1252 2109 1444 2187 malo;

531 2214 633 2278 Sis
674 2230 902 2297 peeore
942 2217 1006 2274 et
1048 2207 1242 2272 multa
1283 2204 1462 2270 dives
1504 2206 1725 2274 tellure
1765 2205 1991 2285 licebit,

615 2311 882 2391 Tibique
922 2305 1212 2371 Paetolus
1253 2303 1426 2384 fluat,
2274 2305 2357 2366 20

534 2410 667 2475 Nee
707 2414 771 2472 te
811 2404 1213 2489 Pythagorae
1255 2402 1477 2467 fallant
1517 2419 1747 2465 areana
1788 2399 2010 2479 renati,
2288 2430 2291 2433 ·

617 2505 972 2585 Formaque
1013 2502 1230 2566 vineas
1271 2502 1492 2579 Nirea3

534 2603 694 2667 Vae!
737 2601 883 2666 vae!
928 2597 1265 2663 translatos
1307 2597 1430 2662 alio
1471 2595 1780 2661 maerebis
1821 2611 2095 2661 amores:

620 2701 738 2764 Ast
761 2718 901 2781 ego
942 2696 1214 2761 vicissim
1257 2696 1471 2760 risero.
2279 2692 2360 2753 24

1294 3109 1466 3174 XVI.

970 3260 1058 3316 An
1094 3254 1397 3316 POPULUM
1430 3254 1763 3313 ROMANUM.

634 3340 885 3447 Altera
918 3373 1052 3456 jam
1093 3373 1311 3437 teritur
1354 3370 1533 3435 bellis
1576 3371 1863 3436 civilibus
1905 3376 2100 3448 aetam,

716 3474 861 3538 Suis
902 3479 964 3536 et
1006 3473 1144 3554 ipsa
1184 3473 1384 3535 Roma
1424 3469 1663 3533 viribus
1710 3469 1849 3533 ruit.
2224 3460 2226 3463 ’

634 3569 836 3646 Quam
881 3589 1080 3650 neque
1122 3567 1365 3633 finitimi
1407 3567 1739 3631 valuerunt
1779 3565 2042 3649 perdere
2085 3562 2279 3626 Marsi

716 3671 977 3735 Minaeis
1018 3676 1127 3733 aut
1169 3671 1435 3734 Etrusca
1475 3667 1790 3730 Porsenae
1831 3682 2072 3739 manus,
2332 3661 2370 3720 4

466 3769 731 3835 Aemula
773 3788 889 3834 nee
931 3767 1127 3832 virtus
1168 3765 1400 3850 Pyrrhi
1441 3782 1559 3830 nee
1601 3761 1939 3845 Spartacus
1981 3778 2123 3825 aeer
