2946 4583
1165 421 1321 485 LIB.
1364 422 1446 499 11,
1492 425 1549 484 7.
2171 424 2249 484 47

556 604 670 668 Ille
710 609 774 667 te
817 620 1058 666 meeum
1100 600 1272 667 loeus
1314 608 1378 667 et
1423 603 1643 666 beatae

553 701 880 767 Postulant
920 718 1130 777 arees3
1171 698 1258 763 ibi
1300 706 1368 763 tu
1409 700 1714 764 calentem

555 801 787 865 Debita
827 817 1091 883 sparges
1132 796 1394 861 lacrima
1436 797 1714 862 favillam

719 898 899 963 Vatis
942 896 1144 960 amici.

1279 1210 1419 1275 VH.

951 1356 1039 1414 AD
1075 1354 1341 1413 EUNDEM
1370 1355 1723 1414 SEPTIMIUM
1737 1399 1751 1425 ,

564 1461 655 1524 qui
691 1468 853 1522 quum
890 1459 1118 1522 primum
1173 1470 1205 1506 a
1256 1457 1426 1507 Marco
1479 1457 1639 1510 Bruto
1692 1459 1886 1511 deinde
1932 1472 1962 1510 a
1998 1461 2122 1511 Sex.
2192 1460 2347 1511 Pom-

563 1541 685 1605 pejo
733 1541 865 1592 belli
924 1539 1173 1591 maritimi
1212 1539 1343 1590 duce
1381 1538 1637 1604 stetisset,
1675 1542 1921 1592 Horatius
1944 1544 1994 1594 ei
2032 1555 2091 1594 se
2135 1543 2346 1595 veniam

566 1629 622 1674 et
657 1621 1025 1684 impunitatem
1061 1622 1127 1672 ab
1179 1621 1414 1682 Augusto
1463 1620 1783 1684 impetrasse
1836 1635 2031 1687 magna
2080 1635 2200 1675 cum
2234 1624 2349 1675 lae-

560 1704 676 1756 titia
712 1705 945 1756 nunciat.

660 1841 761 1956 O
806 1901 997 1965 saepe
1037 1899 1278 1945 meeum
1322 1887 1568 1964 tempus
1612 1881 1678 1945 in
1720 1881 2002 1946 ultimum

660 1981 945 2048 Deduete
987 1980 1181 2045 Bruto
1224 1979 1487 2043 militiae
1528 1979 1713 2058 duee,

746 2077 1071 2160 Charybdi
1106 2077 1240 2140 heri
1284 2075 1447 2139 dono
1492 2085 1777 2141 voratum

828 2174 944 2239 Dis
986 2173 1209 2256 patriis
1254 2180 1316 2236 te
1355 2173 1636 2252 Italoque
1678 2173 1877 2251 coelo,
2318 2177 2357 2235 4

661 2339 939 2421 Pompae
981 2354 1257 2399 meorum
1299 2335 1505 2417 prime
1547 2335 1873 2416 sodalium,

664 2437 821 2501 Cum
864 2453 984 2515 quo
1027 2439 1371 2497 morantem
1413 2450 1602 2514 saepe
1644 2434 1810 2498 diem
1852 2453 2022 2498 mero

714 2531 905 2613 Fregi
949 2536 1277 2595 coronatus
1319 2529 1589 2594 nitentes

829 2626 1221 2692 Malobathro
1265 2626 1452 2708 Syrio
1496 2626 1771 2709 capillos,
2318 2632 2358 2691 8

666 2794 902 2857 Tecum
943 2789 1267 2877 Philippos
1310 2799 1372 2855 et
1413 2791 1676 2855 celerem
1719 2788 1938 2872 fugam

667 2891 848 2956 Sensi
891 2897 1124 2955 retorta
1165 2910 1289 2954 non
1333 2890 1496 2953 bene
1536 2886 1840 2971 parmula,

751 2990 956 3065 Quum
997 2987 1159 3052 freta
1203 2988 1398 3053 virtus
1441 2993 1505 3051 et
1547 2987 1857 3052 minantes

830 3085 1102 3151 Pulchra
1144 3085 1341 3150 solum
1383 3085 1648 3165 tetigere
1688 3091 1913 3148 mento,

670 3248 798 3312 Sed
840 3268 940 3313 me
979 3267 1092 3331 per
1135 3246 1345 3310 hostes
1373 3247 1718 3311 Mercurius
1760 3247 1923 3311 eeler

669 3344 881 3409 Denso
924 3350 1256 3428 paventem
1299 3342 1546 3407 sustulit
1588 3351 1761 3423 aere3

754 3443 848 3505 Te
890 3460 1103 3505 rursus
1146 3440 1292 3505 heu!
1337 3441 1581 3524 lapsum
1623 3442 1984 3519 resorbenS‚

837 3536 1021 3602 Unde
1065 3540 1229 3616 steti,
1274 3538 1430 3602 bibit
1471 3545 1683 3603 aestus
1726 3538 1934 3602 horae.
2285 3543 2362 3602 16

670 3701 896 3783 Carpe,
937 3720 975 3764 o
1016 3699 1201 3764 beato
1241 3699 1509 3779 reddite,
1552 3717 1718 3764 nune
1759 3696 1986 3783 dapem

670 3798 1014 3881 Longaque
1056 3798 1286 3862 fessum
1330 3796 1561 3861 militia.
1596 3796 1759 3861 latus
