2946 4583
1144 465 1302 530 LIB.
1345 466 1457 544 III,
1503 470 1600 529 16.
2196 471 2275 530 89

630 647 872 712 Tristes
913 647 1215 712 excubiae
1256 646 1613 711 munierant
1655 647 1808 711 satis

707 744 1042 810 Nocturnis
1084 745 1165 809 ab
1207 744 1536 825 adulteris,
2321 750 2360 807 4

624 959 694 1024 Si
735 978 861 1024 non
902 960 1213 1024 Acrisium
1257 959 1524 1041 virginis
1567 960 1819 1025 abditae

624 1056 961 1122 Custodem
1002 1056 1300 1141 pavidum
1345 1055 1639 1139 Juppiter
1682 1063 1744 1121 et
1782 1057 1996 1121 Venus

706 1156 1039 1220 Risissent:
1084 1153 1219 1218 fore
1262 1154 1426 1217 enim
1473 1159 1668 1217 tutum
1714 1154 1832 1217 iter
1873 1159 1936 1217 et
1976 1160 2196 1236 patens

795 1252 1113 1318 Converso
1154 1251 1217 1315 in
1262 1252 1528 1334 pretium
1573 1251 1707 1315 deo.
2321 1255 2358 1312 8

630 1469 867 1532 Aurum
910 1484 1021 1549 per
1065 1464 1302 1530 medios
1345 1467 1437 1530 ire
1480 1467 1778 1531 satellites

632 1566 717 1630 Et
757 1582 1160 1648 perrumpere
1201 1570 1371 1627 amat
1412 1583 1571 1629 saxa
1612 1564 1922 1646 potentius

716 1666 844 1727 lctu
887 1660 1210 1725 fulmineo:
1256 1660 1528 1726 concidit
1570 1663 1828 1744 auguris

795 1758 1022 1842 Argivi
1065 1758 1304 1838 domus,
1348 1760 1427 1824 ob
1471 1761 1708 1824 lucrum
2284 1761 2361 1820 12

623 1976 926 2039 Demersa
969 1973 1188 2052 exiti03
1231 1974 1460 2039 diffidit
1503 1975 1747 2038 urbium

622 2072 845 2136 Portas
888 2071 984 2136 vir
1012 2071 1287 2136 Macedo
1331 2079 1392 2136 et
1434 2072 1676 2136 subruit
1717 2070 1994 2135 aemulos

705 2170 920 2249 Reges
962 2167 1354 2244 muneribus3
1396 2188 1659 2232 munera
1700 2168 1954 2232 navium

795 2264 1033 2330 Saevos
1075 2264 1415 2347 illaqueant
1457 2266 1665 2331 duces.
2284 2266 2362 2326 16

634 2479 842 2547 Crede
886 2485 1123 2543 autem:
1168 2480 1337 2545 haud
1381 2500 1602 2562 sequor
1647 2479 1747 2544 hic
1776 2479 1924 2562 jura
1945 2479 2244 2563 pecuniae

626 2576 829 2660 Major
860 2578 996 2661 jam
1040 2578 1224 2657 fame,
1269 2579 1372 2660 qui
1416 2597 1655 2661 pauper
1698 2585 1760 2641 et
1803 2576 2015 2641 horrui

706 2678 865 2743 Late
906 2677 1303 2760 conspicuum
1347 2677 1562 2741 tollere
1605 2675 1921 2753 verticem,

789 2775 1142 2854 Maecenas,
1174 2773 1395 2856 juveni
1438 2773 1648 2838 decus.
2284 2774 2366 2835 20

629 2989 877 3065 Qvanto
920 2990 1179 3072 quisque
1221 2989 1342 3055 sibi
1382 2989 1565 3073 plura
1606 2987 1955 3071 negaverit,

627 3087 728 3151 Ab
772 3087 870 3151 dis
898 3086 1048 3170 jura
1090 3085 1265 3151 feret.
1351 3086 1454 3150 Nil
1500 3087 1853 3169 cupientum
1898 3103 2018 3165 ego
2062 3082 2232 3147 haud

710 3184 769 3249 N
774 3182 932 3249 udus
973 3190 1181 3248 castra
1224 3188 1366 3266 p'eto
1409 3189 1472 3247 et
1513 3181 1842 3263 transfuga
1883 3180 2097 3246 divitis

789 3282 973 3346 Parci
1012 3281 1210 3346 livida
1251 3298 1521 3361 cessere,
2284 3278 2366 3340 24

630 3479 938 3545 Gustatae
978 3476 1270 3543 dominus
1311 3476 1696 3560 splendidior
1738 3477 1850 3554 rei,

628 3578 829 3654 Quam
873 3576 947 3654 si,
984 3575 1285 3659 quidquid
1326 3593 1517 3640 arans
1558 3574 1852 3656 impetrat
1892 3572 2151 3655 Apulus,

716 3672 1042 3740 Oecultare
1085 3673 1238 3739 meis
1280 3673 1519 3738 dicerer
1562 3670 1801 3735 horreis

798 3771 1067 3853 Magnas
1107 3771 1267 3836 inter
1308 3788 1459 3853 opes
1500 3770 1700 3850 inops.
2285 3768 2364 3828 2&
