2946 4583
612 901 695 961 24

600 1353 685 1413 28

578 3235 658 3296 12

575 3703 654 3764 16

702 430 785 492 20

1337 425 1494 492 LIB.
1537 428 1588 507 1,
1632 432 1727 494 17.

914 605 1161 672 Hastile
1204 608 1478 668 matrum
1521 625 1602 671 ex
1644 606 1940 673 caedibus
1981 609 2259 675 incolens

914 704 1072 770 Cum
1113 721 1268 786 pace
1311 709 1583 768 ventum.
1669 704 1774 769 Me
1813 723 2054 785 quoque
2095 708 2362 789 pectoris

997 798 1295 864 Tentavit
1335 833 1415 845 -—-
1457 798 1717 882 indulge
1747 800 2074 882 juventae!
2119 838 2200 848 —

1077 895 1315 960 Fervor
1359 900 1420 959 et
1460 894 1526 959 in
1569 896 1801 962 celeres
1843 897 2085 965 iambos

910 1075 1084 1141 Misit
1125 1074 1457 1152 furentem3
1501 1094 1667 1139 nunc
1709 1095 1829 1158 ego
1873 1080 2127 1144 mitibus

909 1173 1154 1237 Mutare
1195 1190 1425 1253 quaero
1467 1173 1688 1253 tristia,
1734 1174 1882 1239 dum
1925 1174 2075 1239 mihi

987 1268 1137 1333 Fias
1180 1268 1515 1333 recantatis
1556 1270 1778 1349 amica,

1064 1350 1333 1432 Pyrrha,
1375 1350 1620 1432 probris
1663 1352 2062 1433 animumque
2105 1350 2352 1416 reddas.

1498 1706 1705 1771 XVII.

1301 1851 1388 1908 AD
1426 1852 1867 1911 TYNDARIDEM.

893 1962 1130 2068 Velox
1171 2016 1503 2062 amoenum
1545 2015 1737 2081 saepe
1778 1997 2150 2065 Lucretilem

898 2096 1102 2160 Mutat
1143 2093 1394 2178 Lycaeo
1438 2098 1694 2161 Faunus
1736 2103 1799 2160 et
1839 2094 2093 2177 igneam

971 2189 1270 2256 Defendit
1311 2201 1619 2259 aestatum
1663 2192 1923 2279 capellis

921 2305 937 2321 ²
1042 2290 1317 2374 Vimque
1357 2294 1515 2357 meis
1554 2293 1926 2376 pluviosque
1967 2295 2206 2355 ventos.

883 2470 1146 2552 Impune
1184 2475 1384 2534 tutum
1424 2489 1538 2552 per
1580 2489 1799 2535 nemus
1840 2470 2093 2534 arbutos

885 2562 1206 2641 Quaerunt
1246 2567 1511 2631 latentes
1554 2571 1617 2630 et
1657 2566 1877 2648 thyma
1919 2562 2143 2629 deviae

965 2661 1249 2727 Balantis
1290 2680 1515 2727 uxores
1558 2663 1772 2744 mariti,

1049 2761 1108 2826 N
1111 2779 1182 2825 ec
1220 2758 1490 2826 volucris
1531 2765 1812 2824 metuunt
1853 2758 2177 2824 columbae

881 2940 1015 3005 Nec
1055 2938 1180 3020 jam
1221 2937 1529 3021 pedestris
1573 2940 1691 3005 hae
1731 2938 1966 3006 vitulae
2007 2938 2206 3023 lupos,

877 3037 1224 3117 Utcumque
1263 3035 1450 3115 dulci,
1494 3034 1805 3119 Tyndari,
1846 3036 2055 3102 fistula

960 3132 1174 3199 Valles
1216 3138 1278 3197 et
1318 3132 1572 3198 Usticae
1613 3132 1897 3197 cubantis

1040 3230 1237 3295 Levia
1278 3249 1655 3314 personuere
1696 3250 1872 3295 saxa.

873 3411 975 3475 Da
1016 3415 1079 3473 te
1118 3407 1434 3487 tuendam,
1478 3410 1626 3473 dum
1669 3409 1863 3473 vidua
1906 3428 1989 3481 es,
2034 3409 2192 3473 meis

872 3506 1060 3571 Haud
1101 3513 1340 3569 maesta
1383 3506 1574 3570 curis!
1620 3506 1740 3569 Hic
1779 3506 1893 3568 tibi
1938 3506 2117 3587 copia

953 3603 1234 3668 Manabit
1276 3602 1358 3667 ad
1399 3601 1653 3685 plenum
1694 3602 1972 3683 benigna

1036 3699 1224 3765 Ruris
1265 3699 1570 3767 honorum
1612 3700 1695 3766 ab
1736 3701 1940 3767 olente
1981 3717 2188 3765 cornu.
