2946 4583
1215 455 1372 522 ms.
1416 457 1476 538 1,
1510 460 1567 522 3.
2261 459 2301 522 5

1338 638 1447 702 ΠΙ.

830 749 917 804 Al)
954 748 1177 806 NAVEM
1211 750 1570 807 vuilelmum
1603 749 1981 815 wewam,

406 925 563 974 quum
606 913 870 963 Minoidos
911 914 1264 975 perficiendae
1303 928 1462 966 causa
1503 929 1549 967 a.
1573 882 1644 966 ⁸u.
1681 917 1781 970 735
1816 917 2044 968 Athenas
2081 916 2387 977 proficisce-

407 1002 568 1055 retur,
609 1006 674 1043 ex
712 1007 814 1055 quo
852 997 1039 1045 itinere
1075 994 1179 1055 jam
1222 996 1413 1046 eodem
1453 1009 1591 1048 anno
1629 1006 1914 1060 aegrotans
1953 1009 2201 1048 reversus
2229 1009 2388 1059 prae-

406 1084 664 1126 maturam
706 1083 925 1127 mortem
965 1076 1093 1125 obiit
1146 1077 1355 1137 (Donat.
1416 1078 1571 1138 Verg.
1641 1080 1747 1139 13).
1788 1107 1850 1113 --
1886 1079 2121 1140 Fingitur
2172 1091 2385 1131 carmen

401 1157 510 1219 jam
549 1159 613 1206 ab
652 1158 797 1207 initio
838 1158 986 1208 Attici
1024 1157 1226 1208 itineris
1263 1158 1616 1219 compositum
1664 1171 1809 1221 esse,
1849 1160 1946 1211 sed
2000 1174 2058 1213 re
2101 1173 2226 1213 vera
2264 1166 2385 1212 ante

408 1242 629 1290 mortem
667 1238 884 1298 Vergilii
922 1237 1174 1299 scriptum
1213 1247 1318 1288 non
1356 1243 1457 1289 est.

575 1445 706 1552 Sic
747 1488 810 1545 te
855 1499 1113 1564 spumea
1155 1478 1284 1543 dux
1327 1479 1577 1562 CypriS,

656 1577 762 1642 Sic
801 1575 1026 1642 fratres
1067 1576 1363 1657 Helenae,
1406 1578 1616 1645 lueida
1655 1580 1883 1663 sidera,

572 1675 1036 1754 Ventorumque
1077 1679 1259 1755 regat
1301 1674 1481 1739 dator
2063 1740 2066 1743 ,

659 1772 988 1837 Obstriotis
1031 1770 1172 1834 aliis
1214 1778 1461 1854 praeter
1503 1774 1781 1857 Iapyga,
2352 1783 2390 1840 4

574 1871 751 1935 Nans
795 1874 881 1944 ut,
926 1885 1047 1948 quo
1089 1865 1204 1930 tibi
1246 1868 1554 1941 creditum

661 1967 869 2031 Debes
912 1963 1285 2046 Vergilium,
1328 1964 1558 2030 finibus
1599 1969 1822 2034 Atticis

577 2063 832 2128 Reddas
875 2062 1265 2142 ineolumem,
1307 2061 1549 2127 arbitra

648 2156 942 2242 Sumpta,
985 2179 1023 2224 o
1064 2160 1256 2237 trabs,
1299 2158 1379 2222 de
1421 2160 1668 2224 animae
1704 2160 1960 2226 dimidio
2003 2163 2204 2228 meae!
2353 2168 2394 2226 8

580 2258 646 2324 Si
691 2256 779 2321 illi
823 2257 1009 2320 robur
1052 2261 1114 2319 et
1155 2272 1264 2318 aes
1305 2254 1537 2337 triplex

661 2356 844 2419 Circa
890 2358 1104 2433 peetus
1148 2352 1286 2429 erit,
1331 2352 1435 2432 qui
1479 2352 1769 2434 fragilem
1813 2356 1974 2419 truei

579 2449 938 2515 Committat
979 2447 1205 2529 pelago
1249 2457 1447 2513 ratem

662 2546 906 2609 Primus
947 2564 1063 2608 nee
1104 2546 1320 2609 timeat
1360 2546 1762 2627 praeeipitem
1806 2547 2085 2612 Africum
2314 2555 2391 2614 12

581 2645 1020 2708 Deeertantem
1064 2642 1468 2722 Aquilonibus

665 2741 798 2805 Nee
838 2738 1047 2801 tristes
1091 2737 1353 2818 Hyadas
1396 2756 1514 2801 nee
1552 2738 1788 2803 rabiem
1831 2739 2001 2815 Noti,

583 2837 718 2914 Quo
758 2855 881 2901 non
924 2835 1122 2900 aerior
1164 2833 1441 2898 Hadriae

665 2935 883 3009 Motor,
924 2930 1145 2995 tollere
1187 2932 1241 2993 si
1285 2930 1565 3013 pondera
1607 2930 1742 2995 vult
1784 2930 1952 3011 freti3
2316 2940 2395 2999 16

586 3028 722 3105 Qua
765 3026 1049 3092 mercede
1090 3033 1300 3109 putem
1345 3027 1533 3102 trahi,

668 3123 787 3200 Qui
831 3124 1030 3187 siccus
1073 3121 1286 3186 reoolit
1328 3130 1611 3186 monstra
1651 3125 1949 3203 natantia,

589 3220 725 3295 Qua
766 3220 923 3284 vidit
965 3236 1137 3283 mare
1178 3216 1492 3281 turbidum
1531 3223 1597 3281 et
1732 3296 1744 3307 ο

671 3317 943 3381 Infames
985 3315 1268 3397 scopulos
1300 3313 1434 3395 jam
1478 3320 1624 3379 ante
1665 3314 2044 3382 Ceraunios?
2320 3321 2402 3382 20

592 3411 1020 3493 Nequidquam
1063 3410 1217 3474 deus
1259 3410 1524 3475 abscidit

671 3508 953 3575 Prudens
989 3508 1237 3572 Oceano
1279 3525 1457 3570 saera
1500 3505 1750 3571 meabili

592 3609 809 3686 Terra,
849 3607 902 3670 si
946 3610 1154 3668 tamen
1195 3603 1424 3684 impiae

674 3705 812 3769 Non
857 3698 1178 3781 tangenda
1218 3706 1391 3763 rates
1431 3697 1713 3762 insiliunt
1753 3695 1938 3760 vada.
2324 3699 2405 3757 24
