2946 4583
1170 423 1326 491 LIB.
1375 425 1452 504 V,
1497 427 1554 489 7.
2153 429 2275 491 139

1299 605 1405 670 VL

970 750 1058 806 An
1094 750 1476 809 mannicum
1511 733 1792 809 PoiirAM.

537 860 745 993 Quid
787 895 1183 965 immerentes
1227 899 1505 983 hospites
1548 918 1765 977 vexas,
1808 899 2003 979 caniS,

600 996 933 1077 'Ignavum
973 1002 1038 1060 et
1079 997 1276 1062 hostis
1319 997 1659 1061 bubalum?

532 1091 700 1167 Quid
743 1089 861 1155 hoc
901 1093 1092 1158 inane
1133 1092 1269 1157 est?
1311 1091 1524 1170 Verte,
1566 1094 1620 1157 si
1662 1088 1931 1176 placent,
1972 1095 2175 1161 minas

613 1190 699 1254 Et
741 1207 841 1252 me
882 1208 1300 1254 remorsurum
1341 1189 1513 1272 pete!
2320 1200 2358 1258 4

532 1286 686 1352 Sum
728 1285 930 1367 qualis
971 1294 1081 1352 aut
1120 1285 1427 1352 Molossus
1469 1292 1580 1352 aut
1620 1286 1826 1352 fulvus
1867 1288 2100 1369 Lacon,

614 1384 838 1447 Amica
876 1383 976 1449 vis
1018 1383 1392 1468 pastoribus,

529 1481 749 1563 Agens
793 1499 905 1563 per
947 1482 1111 1546 altas
1153 1499 1306 1544 aure
1347 1478 1598 1545 sublata
1639 1480 1818 1544 nives

614 1576 1055 1660 Quaecumque
1095 1576 1391 1662 procedet
1431 1575 1588 1642 fera.
2317 1585 2356 1643 8

530 1675 650 1753 Tu,
693 1693 881 1755 quum
923 1675 1203 1741 timenda
1243 1693 1398 1740 voce
1439 1673 1761 1757 complesti
1802 1693 2041 1753 nemus,

613 1771 977 1836 Porrectum
1019 1773 1311 1839 adorabis
1355 1773 1579 1839 cibum.

530 1868 724 1946 Cave,
766 1888 948 1948 cave3
990 1889 1260 1952 namque
1302 1871 1368 1935 in
1413 1870 1610 1936 malos
1651 1869 2031 1953 asperrimus

608 1965 845 2030 Parata
886 1966 1034 2031 tollo
1077 1987 1327 2046 cornua,
2280 1972 2357 2032 12

529 2060 747 2139 Qualis
788 2065 1149 2147 Lycambae
1191 2071 1437 2150 spretus
1480 2063 1672 2129 infido
1715 2083 1916 2147 gener
1958 2059 1964 2065 ’

611 2160 670 2223 It
713 2166 929 2227 taurus
971 2182 1119 2228 acer
1163 2163 1230 2227 in
1271 2162 1469 2245 lupos.

529 2258 651 2339 An,
684 2258 739 2325 si
781 2260 920 2342 quis
962 2267 1098 2326 atro
1143 2260 1331 2326 dente
1373 2278 1476 2324 me
1517 2259 1827 2344 petiverit,

611 2358 877 2423 Inermis
919 2358 1021 2422 hic
1058 2357 1221 2424 flebo
1263 2364 1332 2422 ut
1363 2359 1559 2441 puer?
2276 2360 2357 2420 16

1283 2508 1447 2520 ——n—

1281 2720 1420 2787 VII.

963 2868 1053 2925 Ab
1087 2868 1389 2927 Populum
1420 2866 1753 2926 RoMANUM.

611 2977 811 3113 Quo,
853 3035 974 3097 quo
1018 3014 1264 3082 scelesti
1307 3016 1533 3081 ruitis?
1576 3021 1685 3082 aut
1729 3035 1836 3080 cur
1879 3017 2154 3083 dexteris

693 3117 1007 3198 Aptantur
1050 3133 1230 3178 enses
1273 3114 1551 3178 conditi?

608 3212 921 3277 Parumne
962 3211 1201 3294 campis
1242 3219 1429 3294 atque
1472 3214 1763 3295 Neptuno
1806 3230 1995 3295 super

692 3310 930 3377 Fusum
973 3318 1067 3377 est
1108 3310 1315 3375 Latini
1359 3311 1714 3394 sangvinis,
2314 3317 2355 3376 4

612 3413 754 3478 Non
798 3417 866 3475 ut
901 3409 1203 3493 superbas
1245 3410 1499 3475 invidae
1542 3407 1947 3492 Carthaginis

689 3513 1010 3576 Romanus
1051 3527 1227 3574 arces
1269 3515 1503 3588 ureret,

608 3611 884 3676 Intactus
928 3613 1036 3673 aut
1076 3607 1420 3672 Britannus
1464 3612 1533 3671 ut
1576 3605 1981 3673 descenderet

696 3708 893 3773 Sacra
935 3711 1258 3771 catenatus
1299 3707 1424 3786 via,
2315 3706 2354 3763 8
