2946 4583
1144 438 1300 503 LIB.
1348 439 1422 517 V,
1466 442 1525 501 6.
2120 442 2236 504 137
2320 467 2325 471 ·

502 619 644 685 Non
685 617 957 684 defuisse
997 609 1311 700 masculae
1352 619 1628 685 libidinis

582 716 1037 782 Ariminensem
1069 717 1333 795 Foliam,

502 813 678 889 Quae
719 814 928 879 sidera
970 820 1300 879 excantata
1343 832 1497 878 voce
1540 813 1845 879 Thessala

583 909 947 992 Lunamque
988 912 1157 976 coelo
1201 910 1447 994 deripit,
2243 918 2322 977 44

498 1010 582 1073 Et
624 1009 822 1074 otiosa
866 1008 1129 1073 eredidit
1169 1010 1467 1092 Neapolis

583 1106 666 1170 Et
708 1124 892 1171 omne
925 1107 1204 1172 vicinum
1238 1106 1538 1190 oppidum
1581 1106 1742 1172 huic.

506 1203 636 1269 Sed
677 1204 1035 1268 irresectum
1076 1222 1268 1268 saeva
1313 1204 1500 1267 dente
1540 1203 1735 1302 livido

582 1302 847 1367 Canidia
890 1301 1117 1365 rodens
1162 1300 1445 1384 pollicem
2247 1306 2326 1366 48

499 1397 665 1474 Quid
707 1399 905 1464 dixit?
950 1398 1033 1462 ”O
1080 1416 1240 1478 quae
1281 1398 1362 1462 de
1404 1398 1559 1462 meis
1601 1397 1787 1463 rebus
1828 1404 1999 1466 taces

584 1497 723 1562 Non
767 1496 1035 1560 infidelis
1078 1495 1338 1574 arbitra,

505 1593 666 1671 Nox,
709 1600 772 1657 et
815 1593 1040 1670 Diana,
1083 1611 1242 1674 quae
1284 1593 1595 1657 silentium
1638 1592 1828 1673 regis,

584 1691 834 1754 Arcana
875 1709 1061 1772 quum
1107 1690 1259 1754 fiunt
1302 1709 1500 1770 sacra,
2247 1690 2328 1750 52

499 1787 702 1865 Nunc,
744 1805 908 1851 nunc
949 1786 1182 1866 adeste,
1228 1806 1392 1850 nunc
1429 1788 1493 1851 in
1540 1787 1792 1852 hostiles
1834 1786 2051 1851 domos

583 1884 750 1948 Iram
793 1889 978 1964 atque
1020 1901 1248 1948 numen
1295 1884 1543 1950 vertite!

500 1980 771 2045 Formae
812 1980 1065 2045 dolosae
1108 2000 1295 2061 quum
1338 1983 1534 2048 latent
1575 1982 1786 2046 stratis
1830 1981 1960 2046 fere

583 2077 767 2142 Dulci
810 2098 1031 2162 sopore
1072 2079 1429 2159 langvidae,
1478 2079 1643 2143 haud
2248 2081 2328 2141 56

503 2173 777 2256 Segnem
822 2193 1130 2240 comesum
1176 2175 1258 2240 ad
1301 2196 1399 2239 me
1440 2183 1722 2241 luentem
1763 2140 2112 2240 adulterum

589 2273 846 2338 Latrent
888 2272 1253 2338 Suburanae
1297 2291 1484 2340 canes

505 2370 721 2437 Nardo
765 2377 1148 2454 perunctum,
1192 2372 1373 2452 quale
1416 2394 1541 2436 non
1583 2371 1915 2455 perfectius

586 2471 796 2536 Nares
811 2467 1138 2532 levaverit
1180 2489 1370 2534 meas.
2249 2470 2332 2530 60

504 2565 669 2642 Quid
709 2566 979 2632 accidit?
1025 2585 1134 2629 cur
1176 2566 1318 2631 dira
1364 2568 1669 2631 barbarae
1713 2565 1916 2630 minus

587 2666 850 2731 Venena
892 2663 1154 2728 Medeae
1197 2666 1427 2744 valent,
1630 2746 1639 2757 „

505 2757 706 2836 Quam
749 2782 937 2846 quum
980 2763 1250 2846 superba
1291 2760 1456 2845 fugit
1498 2758 1629 2845 ulta
1671 2759 1974 2844 pellicem,

590 2860 811 2943 Magni
854 2860 1138 2925 Creontis
1179 2859 1391 2939 filiam,
2252 2861 2333 2920 64

506 2954 712 3032 Quum
748 2957 935 3040 palla,
977 2956 1125 3021 tabo
1167 2973 1391 3020 munus
1433 2956 1767 3035 imbutum,
1809 2975 2036 3021 novam
2082 2956 2245 3022 hanc
2401 2959 2408 2966 '

595 3055 892 3119 Incendio
934 3061 1191 3137 nuptam
1236 3054 1534 3118 abstulit?

508 3153 701 3233 Atqui
742 3171 859 3216 nee
903 3152 1097 3225 herba
1138 3168 1255 3213 nec
1296 3149 1501 3213 latens
1542 3150 1611 3213 in
1652 3150 1890 3230 asperis

592 3249 801 3313 Radix
822 3246 1064 3312 ‘fefellit
1105 3265 1206 3310 me
1246 3245 1419 3311 locis.
2257 3251 2338 3311 68

509 3345 813 3412 Indormit
852 3344 1052 3408 unctis
1096 3343 1226 3429 hac,
1257 3364 1445 3408 manu
1489 3341 1795 3408 cubilibus

594 3442 924 3508 Oblivione
968 3430 1286 3524 pellicum:=
1768 3486 1790 3513 .

512 3542 754 3619 Nonne,
798 3538 902 3618 ah,
944 3538 1182 3605 solutus
1225 3540 1505 3605 ambulat
1544 3536 1860 3604 veneficae

595 3637 957 3704 Scientioris
999 3637 1314 3702 carmine?
2261 3639 2339 3700 72
