2946 4583
415 845 580 908 ·12

497 1233 580 1295 16

584 375 705 438 136
1301 370 1459 437 LIB.
1506 370 1582 451 V,
1623 375 1684 438 5.

664 548 833 627 Quid
875 554 945 614 ut
986 566 1258 622 noverca
1299 568 1401 615 me
1442 550 1705 616 intueris
1745 558 1856 618 aut
1894 554 1988 618 uti

714 678 719 684 ·
749 647 957 712 Petita
999 645 1164 713 ferro
1207 646 1484 713 bellua?”

664 744 1005 809 'Premente
1046 750 1302 825 questus
1343 743 1500 808 hacc
1540 751 1608 808 ut
1648 763 1756 810 ore
1798 748 2076 832 constitit

745 840 1106 925 Insignibus
1140 841 1341 926 raptis
1383 859 1564 923 puer,

661 938 924 1022 Impube
964 957 1208 1021 corpus,
1251 938 1434 1021 quale
1476 942 1687 1020 posset
1726 938 1920 1022 impia

745 1037 989 1103 Mollire
1030 1035 1345 1100 Thracum
1389 1041 1687 1119 pectora}

623 1174 636 1188 ·
662 1133 950 1210 Canidia,
998 1133 1291 1197 brevibus
1334 1131 1652 1215 implicata
1695 1131 1935 1211 viperis

826 1229 1046 1294 Orines
1090 1237 1152 1294 et
1191 1230 1571 1313 incomptum
1617 1236 1823 1311 caput,

663 1326 855 1392 Jubet
896 1328 1198 1411 sepulcris
1242 1326 1566 1410 caprificos
1608 1334 1840 1403 erutas,

745 1423 935 1489 Jubet
976 1443 1307 1508 cupressus
1349 1423 1642 1488 funebres

663 1520 748 1583 Et
788 1529 977 1586 uncta
1017 1522 1221 1604 turpis
1264 1541 1387 1585 ova
1428 1537 1624 1584 ranae
1663 1521 1975 1601 sangvine

746 1616 1155 1700 Plumamque
1200 1625 1540 1683 nocturnae
1582 1617 1798 1698 strigis

663 1712 1051 1796 Herbasque,
1094 1735 1250 1797 quas
1293 1716 1495 1780 Iolcos
1537 1720 1724 1795 atque
1762 1714 2025 1778 Hiberia

747 1809 937 1874 Mittit
977 1830 1357 1877 venenorum
1403 1812 1603 1888 ferax,

666 1906 751 1972 Et
789 1926 935 1973 ossa
977 1907 1059 1973 ab
1102 1928 1210 1973 ore
1251 1917 1434 1992 rapta
1472 1907 1719 1988 jejunae
1761 1907 1937 1971 canis

505 2004 588 2065 24
751 2003 1055 2070 Flammis
1099 2006 1281 2070 aduri
1326 2003 1665 2069 Colchicis·
1750 2057 1755 2061 ,

631 2130 636 2136 ·
669 2100 755 2165 At
796 2101 1093 2185 expedita
1137 2095 1415 2185 Sagana,
1458 2121 1570 2184 per
1613 2107 1806 2165 totam
1847 2100 2098 2164 domum

752 2196 1076 2281 spargens
1120 2200 1465 2265 Avernales
1507 2216 1728 2278 aquas,

669 2294 902 2360 Horret
943 2297 1186 2380 capillis
1230 2305 1297 2362 ut
1338 2296 1619 2360 marinus
1662 2296 1906 2378 asperis

504 2392 586 2453 28
753 2392 1031 2456 Echinus
1074 2400 1183 2458 aut
1224 2400 1485 2475 turgens
1528 2410 1698 2474 aper.

669 2487 817 2553 Jam
858 2496 1046 2571 pacta
1088 2489 1309 2554 mulier
1349 2487 1528 2570 Veja‚
1572 2487 1824 2552 conscia
1864 2494 1927 2552 et
1967 2488 2081 2567 rei,

754 2584 1103 2667 Ligonibus
1146 2586 1319 2650 duris
1363 2585 1618 2648 humum

672 2678 780 2745 Sic
821 2681 1153 2747 hauriebat
1193 2683 1523 2764 ing'emens
1564 2679 1906 2761 laboribuS‚

510 2779 590 2842 32
755 2776 892 2852 Quo
935 2785 1147 2861 posset
1187 2778 1457 2843 infossus
1500 2795 1676 2859 puer,

628 2952 634 2957 ,
671 2870 874 2949 Quum
916 2876 1299 2957 promineret
1340 2894 1467 2953 ore,
1513 2881 1812 2954 quantum
1857 2882 2110 2965 exstant
2152 2894 2317 2958 aqua

754 2967 1075 3068 Suspensa
1118 2978 1323 3036 mento
1368 2990 1650 3054 corpora,

675 3057 897 3149 Longo
941 3067 1045 3132 die
1085 3069 1184 3134 bis
1227 3068 1443 3151 terque
1484 3077 1762 3135 mutatae
1805 3068 1987 3152 dapis

511 3168 592 3230 36
756 3164 1028 3229 Inemori
1070 3167 1443 3248 spectaculo,
1486 3172 1555 3231 ut

675 3260 925 3343 Sugens
968 3261 1271 3327 medullas
1313 3273 1501 3346 atque
1545 3264 1886 3330 marcidum
1916 3263 2096 3346 jecur

759 3344 1001 3422 Darent
1041 3359 1270 3423 amoris
1313 3361 1628 3444 poculum,'

676 3453 880 3532 Quum
923 3455 1085 3519 inter
1127 3457 1434 3523 minantes
1476 3478 1650 3542 spem
1694 3457 1887 3523 semel
1928 3456 2093 3522 fixae
2135 3416 2309 3522 cibos

514 3556 596 3617 40
758 3550 1197 3631 Intabuissent‚
1240 3554 1532 3641 pupulae
