2946 4583
1605 288 1634 340 ἰ.

1104 371 1122 414 ³
1171 398 1326 464 ΜΒ.
1372 365 1425 505 Ιξ
1464 408 1564 466 23.
2184 366 2302 472 25¹

669 575 866 651 Quale
907 584 1258 660 portentum
1301 597 1504 660 neque
1546 583 1832 648 militaris

674 673 956 738 Daunius
997 675 1141 739 latis
1173 660 1320 757 'agit
1363 677 1713 758 aesculetis,

668 770 801 833 Nee
840 769 1044 834 Jubae
1084 771 1265 836 tellus
1296 783 1584 854 generat,
1626 777 1872 841 leonum

752 866 1020 930 Torrida
1064 869 1290 931 nutrix.
2276 882 2353 941 16
2455 934 2458 937 ,

668 1044 840 1108 Pone
883 1066 1002 1125 me,
1044 1049 1245 1130 pigris
1289 1051 1393 1114 ubi
1437 1050 1610 1115 nulla
1650 1054 1888 1134 eampis

669 1142 876 1206 Arbor
918 1147 1159 1213 aestiva
1199 1155 1515 1211 reereatui·
1556 1168 1725 1223 aura.

670 1233 851 1311 Quod
894 1242 1057 1306 latus
1101 1242 1316 1307 mundi
1358 1244 1625 1310 nebulae
1667 1237 1989 1329 malusque
2067 1234 2074 1245 ’

751 1335 1039 1420 Juppiter
1081 1345 1295 1418 urget3

604 1602 607 1603 ⁷
670 1516 845 1579 Pone
885 1517 1000 1581 sub
1044 1536 1229 1581 curru
1270 1519 1530 1583 nimium
1572 1521 1905 1604 propinqui

529 1629 545 1640 ‘
668 1610 836 1677 Solis
876 1615 942 1678 in
985 1620 1157 1678 terra
1198 1615 1485 1679 domibus
1521 1623 1781 1699 negata:
1929 1642 1962 1683 ,ι

667 1709 866 1773 Dulce
907 1710 1213 1775 ridentem
1255 1713 1339 1777 ad
1382 1712 1668 1794 Lalagen
1709 1680 1980 1813 redibtf]

750 1806 951 1871 Dulce
992 1808 1368 1888 loquentem.
1887 1812 1927 1843 “³
1977 1816 2010 1846 *⁴
2274 1816 2354 1874 2⁰

2103 1583 2135 1629 t„

1252 1958 1417 1967 ———

1154 2038 1158 2043 ’
1245 2064 1494 2129 xxm.

1164 2211 1251 2265 Ao
1289 2193 1555 2266 cunoiiu.

577 2289 789 2395 Vitas
832 2322 1124 2387 hinnuleo
1167 2343 1268 2387 me
1311 2322 1553 2403 similis,
1596 2326 1811 2406 Chloe,

572 2416 910 2499 Quaerenti
955 2418 1253 2503 pavidam
1297 2421 1611 2488 montibus
1651 2426 1814 2491 aviis

627 2520 917 2600 ‘Matrem
958 2536 1084 2582 non
1127 2519 1262 2583 sine
1298 2539 1462 2583 vano
1508 2527 1569 2584 et

735 2617 1048 2681 Aurarum
1095 2621 1156 2678 et
1198 2613 1382 2679 solidi
1424 2622 1611 2679 metu.
2318 2621 2355 2679 4

568 2780 733 2845 Nam
775 2798 885 2843 seu
926 2776 1129 2855 molle,
1176 2777 1281 2841 ubi
1324 2784 1467 2855 stat,
1513 2778 1784 2841 verritur
1827 2778 2099 2843 horridis

569 2878 626 2939 A
667 2875 871 2940 ventis
912 2872 1148 2953 folium,
1191 2893 1303 2938 seu
1345 2872 1642 2939 colubrae
1682 2874 1969 2939 scrobum

652 2973 994 3036 Dimovere
1035 2968 1327 3050 latebras,

737 3068 821 3130 Et
862 3066 1052 3131 eorde
1094 3073 1157 3129 et
1199 3066 1466 3148 genibus
1510 3069 1736 3132 tremit.
2319 3070 2358 3129 8

571 3229 756 3309 Atqui
802 3229 928 3292 non
971 3246 1092 3309 ego
1134 3234 1197 3292 te
1239 3228 1421 3311 tigris
1462 3234 1531 3291 ut
1572 3248 1799 3312 aspera

576 3324 961 3389 Gaetulusve
1002 3326 1100 3390 leo
1146 3327 1451 3418 frangere
1482 3344 1847 3414 pjersequor3

654 3423 939 3487 Tandem
983 3424 1199 3488 desine
1243 3419 1507 3490 matrem

736 3520 1143 3603 Tempestiva
1186 3521 1362 3601 sequi
1406 3522 1563 3585 viro.
2281 3520 2360 3579 12
