2946 4583
915 825 998 964 Q.
1067 822 1455 966 HORATH
1527 826 1845 947 FLAGGI

589 1029 1290 1142 CARMINUM
1376 1050 2165 1181 LYRIGQRUM

1023 1247 1277 1313 LIBER
1317 1236 1704 1347 TERTIUS.

1286 1398 1449 1410 ———-

1234 1590 1238 1593 Α
1346 1526 1395 1590 Ι.

879 1635 1260 1696 ΡΒΔΕΟΕΡΤΑ
1299 1638 1611 1706 QUAEDAM
1645 1640 1862 1699 VITAE.

515 1770 589 1822 Ad
648 1770 854 1833 placide
907 1771 1187 1823 vivendum
1238 1773 1358 1835 plus
1411 1785 1536 1825 esse
1597 1774 1651 1825 in
1704 1774 1924 1827 modicis
1976 1765 2369 1843 cupiditatibuffi

519 1862 676 1913 quam
713 1851 767 1901 in
804 1853 1010 1913 magnis
1048 1854 1237 1915 opibus
1274 1855 1529 1918 luxuque,
1568 1855 1840 1916 praesidii.

638 1962 861 2076 Audi,
892 1996 1222 2081 profanum
1266 1999 1516 2081 vulgus,
1560 2008 1626 2064 at
1668 2020 1813 2065 aree
1845 2000 1943 2076 ,ibi
1988 2020 2059 2066 os

631 2096 915 2161 Favente
954 2094 1195 2177 lingua,
1238 2098 1518 2161 earmina
1558 2097 1664 2162 ubi
1707 2098 1828 2180 piis

718 2191 991 2257 Addieta
1031 2193 1353 2272 Musarum
1395 2193 1689 2257 sacerdos

795 2288 1166 2370 Virginibus
1206 2289 1537 2373 puerisque
1580 2297 1779 2355 canto.
1988 2285 1996 2300 “
2334 2302 2376 2364 4

636 2472 885 2554 Regum
926 2468 1343 2535 timendorum
1385 2472 1450 2536 in
1493 2472 1776 2556 proprios
1817 2491 2069 2556 greges,

633 2569 844 2651 Reges
886 2567 951 2631 in
995 2568 1163 2650 ipsos
1204 2569 1532 2652 imperium
1574 2577 1671 2634 est
1710 2569 1909 2651 Jovis‚

715 2665 883 2731 Glari
927 2665 1241 2747 Giganteo
1286 2663 1631 2748 triumphe,

799 2763 1038 2829 Cuncta
1083 2761 1415 2846 supercilio
1458 2761 1786 2828 moventis.
2249 2807 2252 2810 <
2338 2773 2382 2830 8

637 2947 771 3025 Est,
815 2951 881 3009 ut
922 2945 1058 3010 viro
1100 2945 1199 3010 vir
1238 2942 1428 3009 latius
1469 2942 1715 3009 ordinet

640 3043 915 3109 Arbusta
960 3044 1167 3122 sulcis,
1209 3043 1313 3106 hie
1353 3042 1717 3123 generosior

720 3141 1080 3206 Descendat
1119 3142 1185 3204 in
1229 3157 1519 3218 eampum
1559 3137 1813 3220 petitor,

799 3235 1076 3302 Moribus
1113 3235 1216 3298 hie
1257 3232 1594 3315 meliorque
1635 3230 1807 3296 fama
2236 3307 2241 3312 .
2303 3231 2381 3290 12

639 3415 1012 3497 Contendat,
1053 3417 1142 3481 illi
1184 3417 1368 3482 turba
1410 3416 1723 3481 clientium

643 3511 740 3577 Sit
780 3513 1002 3582 maior:
1048 3534 1250 3596 aequa
1291 3515 1434 3597 lege
1473 3510 1832 3579 Necessitas

727 3608 993 3675 Sortitur
1034 3612 1319 3694 insignes
1360 3616 1424 3676 et
1463 3611 1651 3690 imos3

807 3706 1008 3773 Omne
1049 3727 1250 3791 eapax
1294 3715 1504 3772 movet
1543 3725 1702 3771 urna
1743 3715 1987 3766 nomen.
2179 3730 2183 3735 ·
2303 3698 2382 3758 16

593 3822 844 3873 Horatius
878 3823 956 3874 ed.
994 3823 1311 3889 Ljunqberq.
2153 3824 2184 3879 5
