2946 4583
1152 410 1310 475 ΜΒ.
1354 409 1430 491 v,
1472 413 1531 473 2.
2138 409 2259 470 133

597 592 861 656 Sacrum
904 590 1168 657 vetustis
1210 591 1263 656 si
1307 594 1588 655 exstruat
1627 586 1821 670 lignis
1863 585 2068 651 focum

681 689 866 755 Lassi
907 688 1023 752 sub
1066 687 1403 754 adventum
1445 684 1567 750 viri
1840 710 1845 715 ·
2263 685 2342 744 44

600 786 1042 866 Claudcnsque
1084 782 1272 849 textis
1312 782 1588 847 cratibus
1628 781 1857 847 laetum
1899 800 2090 865 pecus

683 882 974 948 Distenta
1015 881 1206 945 siccet
1246 879 1468 959 ubera,

601 978 672 1042 Si
715 985 777 1044 et
817 979 1016 1044 horna
1058 976 1224 1042 dulci
1265 976 1415 1040 vina
1458 992 1751 1057 promens
1794 975 1961 1042 dolio

685 1077 902 1158 Dapes
944 1075 1255 1158 inemptas
1299 1076 1589 1154 apparet:
2266 1076 2345 1136 48

601 1173 742 1237 Non
787 1191 887 1236 mc
929 1172 1202 1235 Lucrina
1236 1168 1516 1251 juverint
1560 1168 1890 1253 conchylia

684 1270 974 1351 Magisve
1017 1268 1309 1333 rhombus
1354 1272 1461 1329 aut
1505 1264 1690 1344 scari,

602 1365 675 1429 Si
717 1385 871 1448 quos
913 1366 1061 1429 Eois
1079 1349 1393 1429 'inchoata
1433 1361 1725 1426 fluctibus

685 1462 902 1538 Hiems
946 1461 1028 1526 ad
1073 1460 1190 1525 hoc
1230 1466 1437 1525 vertat
1482 1478 1681 1537 mare3
2269 1460 2349 1519 52

563 1558 742 1624 ·Non
787 1560 946 1624 Afra
987 1559 1124 1623 avis
1168 1555 1506 1621 descendat
1545 1558 1615 1634 in
1655 1559 1934 1621 ventrem
1966 1567 2205 1634 meum,

692 1655 831 1719 Non
873 1662 1131 1737 attagen
1174 1654 1422 1719 Ionicus

605 1751 969 1829 Jucundior‚
1011 1771 1194 1833 quam
1237 1753 1399 1815 lecta
1441 1751 1521 1815 de
1562 1750 1993 1834 pingvissimis

691 1846 874 1912 Oliva
917 1849 1109 1911 ramis
1155 1848 1441 1912 arborum
2273 1851 2350 1910 56

613 1941 733 2008 Vel
778 1941 969 2007 herba
1015 1944 1251 2026 lapathi
1296 1951 1479 2028 prata
1517 1944 1785 2009 amantis
1829 1947 1891 2009 et
1932 1945 2115 2027 gravi

697 2038 946 2104 Malvae
989 2040 1267 2105 salubres
1311 2041 1553 2124 corpori

610 2135 728 2202 Vel
771 2156 940 2218 agna
981 2135 1159 2201 festis
1201 2155 1387 2200 caesa
1429 2134 1890 2201 Terminalibus

697 2231 816 2299 Vel
860 2232 1097 2297 haedus
1140 2239 1389 2317 ereptus
1428 2232 1595 2318 lupo.
2275 2239 2359 2298 60

605 2333 739 2397 Has
780 2331 945 2395 inter
988 2330 1204 2414 epulas
1246 2337 1313 2395 ut
1352 2335 1528 2412 juvat
1570 2336 1784 2415 pastas
1827 2350 1976 2397 oves

695 2428 927 2493 Videre
969 2435 1374 2511 properantes
1417 2427 1690 2511 domum,

602 2525 840 2590 Videre
882 2524 1078 2590 fessos
1119 2542 1433 2591 vomerem
1476 2525 1794 2589 inversum
1836 2523 2031 2589 boves

702 2622 877 2689 Collo
918 2622 1238 2688 trahentes
1279 2620 1584 2703 langvido
2278 2624 2361 2684 64

607 2719 974 2802 Positosque
1015 2737 1264 2798 vernae,
1306 2717 1453 2783 ditis
1496 2736 1762 2782 examen
1804 2717 2047 2799 domus,

705 2818 957 2881 Circum
997 2817 1352 2882 renidentes
1394 2815 1647 2881 Lares!”

615 2914 792 2978 Haec
833 2914 939 2978 ubi
980 2915 1220 2979 locutus
1262 2913 1577 2979 fenerator
1619 2913 1840 2995 Alfius,

699 3010 845 3074 Jam
876 3011 1011 3093 jam
1056 3012 1297 3076 futurus
1339 3012 1626 3092 rusticus,
2285 3009 2366 3070 68

612 3106 876 3172 Omnem
918 3109 1165 3190 redegit
1203 3107 1421 3171 Idibus
1463 3108 1813 3190 pecuniam,

703 3203 967 3280 Quaerit
1008 3202 1306 3269 Calendis
1349 3222 1600 3286 ponere.
