2946 4583
2111 441 2193 511 n

288 621 527 702 Ekius
575 622 945 718 queritur,
1013 632 1377 735 rogatum
1453 646 1635 694 eum
1708 623 1910 719 vole,
1973 650 2071 699 ex
2174 653 2274 700 uo

228 802 234 807 ,
287 734 631 819 tempore
683 721 1031 797 timidam
1093 720 1483 816 ignaviam
1546 720 1627 794 in
1677 651 2275 799 virtutibusffia·
2286 748 2293 753 “

289 822 468 896 bere
521 820 910 918 sapientes
967 820 1413 933 inceperint,
1492 830 1622 932 aut
1680 847 1832 918 quo
1887 824 2060 921 J'ure
2116 850 2276 898 031

290 920 495 995 mina
548 920 1003 995 emendare
984 919 1462 1018 incipiamus,
1495 918 1562 991 si
1588 919 1993 995 absolveie
2017 948 2277 997 emen·-

294 1019 712 1095 dationem-
755 1046 910 1092 non
988 1020 1428 1093 audeamus,
1537 1018 2018 1134 Quamquam
2094 1022 2279 1119 quid

292 1145 440 1215 ego
494 1118 880 1196 hominem
934 1145 1211 1213 moror,
1268 1117 1398 1214 qui
1451 1117 1555 1191 ab
1628 1145 1719 1192 00
1788 1121 2094 1216 agmine
2137 1122 2278 1195 cri-

289 1218 637 1313 ticorum,
687 1218 898 1315 quod
953 1217 1163 1292 ducit
1214 1218 1823 1315 Peerlkamp-ius,
1857 1220 2049 1297 adeo
2088 1220 2281 1294 nihil

293 1329 541 1395 actum
595 1342 772 1392 esse
851 1328 1093 1415 putat,
1171 1327 1257 1391 ut
1334 1316 1536 1391 serio
1610 1317 1944 1393 affirmet
1994 1319 2303 1393 1101111111·

293 1416 777 1494 mediocriter
856 1417 1081 1490 docto
1164 1415 1477 1490 dubium
1558 1441 1730 1490 0880
1784 1443 2041 1515 posse,
2098 1419 2299 1533 quin·

291 1515 608 1610 vulgata
654 1517 815 1614 jam
897 1516 1027 1590 diu
1107 1514 1549 1589 carminum
1604 1515 1848 1590 forma
1909 1516 2027 1590 111
2022 1519 2283 1592 omni-⁴

291 1614 461 1708 11118,
518 1640 709 1710 quae
761 1614 1086 1713 alicujus
1140 1614 1509 1688 moment-i
1572 1614 1734 1688 sint
1792 1613 1890 1706 («i
1942 1616 2068 1690 allt
2117 1620 2283 1718 huf-

292 1715 717 1826 vudsalcliytt
713 1710 791 1805 ‹),
848 1714 925 1811 ip
932 1740 1093 1789 sam
1148 1713 1449 1787 Horatii
1502 1739 1839 1787 manum
1860 1716 2284 1830 adaequet?

297 1812 424 1887 Sic
476 1812 944 1889 existimanti
999 1813 1183 1910 quid
1239 1813 1445 1891 aliud
1498 1812 1985 1925 relinquitur,
2008 1815 2164 1888 nisi
2200 1827 2287 1890 ut

298 1922 375 1985 et
413 1937 635 1987 meas
692 1912 1266 1987 emendationes
1322 1922 1400 1984 et
1452 1911 1776 1986 aliorum
1827 1939 2068 2031 prope
2124 1940 2283 1992 om·-

294 2035 433 2085 nes
499 2036 598 2087 su
647 2012 874 2087 erbus
939 2020 1394 2086 contemnat
1471 2037 1560 2084 30
1637 2026 1776 2110 1110
1856 2013 2085 2109 nugis
2151 2015 2285 2087 ha·-

292 2110 514 2188 beat?
563 2038 790 2198 <guod
841 2111 1120 2185 Ekium
1172 2137 1254 2184 re
1308 2136 1494 2183 vera
1544 2110 1823 2184 fecisse
1877 2112 2064 2186 satis
2107 2112 2286 2186 inde

297 2221 636 2308 apparet,
694 2210 898 2307 quod
976 2210 1056 2285 in
1134 2235 1275 2283 sua
1328 2209 1769 2284 Carminum
1831 2211 2287 2284 Horatiano-

293 2336 462 2386 rum
505 2310 1134 2407 interpretatione
1200 2308 1548 2382 Suecana
1625 2303 1987 2401 (Lundae
2039 2305 2286 2407 1853),

298 2419 662 2506 quantum
725 2409 975 2502 video,
1041 2433 1152 2481 ne
1231 2433 1384 2481 uno
1440 2406 1749 2505 quidem
1801 2409 1970 2483 loco
2026 2436 2072 2484 a
2122 2411 2289 2523 vul-

297 2519 479 2604 gata
531 2507 857 2584 lectione
914 2507 1332 2581 discessit.
1403 2506 1561 2582 Sed
1625 2509 2076 2604 magnitudo
2139 2509 2288 2583 viri

296 2634 394 2679 ne
449 2608 776 2682 lectores
829 2632 1040 2680 meos
1096 2605 1415 2680 nimium
1481 2606 1749 2702 fugiat,
1803 2607 2290 2723 inspicienda

296 2706 641 2804 profecto
721 2706 867 2780 erit
945 2704 1510 2803 interpretatio
1567 2706 1698 2780 illa
1773 2706 1983 2797 Ekii3
2067 2710 2286 2806 cujus

295 2831 524 2882 unam
606 2805 886 2880 modo
917 2806 1310 2902 stropham
1392 2799 1604 2898 (Hor.
1685 2806 1744 2900 Ι,
1830 2810 1959 2902 10,
2010 2802 2287 2910 9—12)

297 2904 434 2980 hic
477 2903 743 2980 afferre
799 2904 1088 2978 licebit:
1544 2939 1547 2944 ·

381 3033 674 3091 ”Fordom
722 3066 803 3078 -ν
843 3039 966 3091 πᾶν
1012 3034 1237 3106 hotfull
1285 3034 1310 3089 i
1358 3034 1464 3091 sitt
1505 3036 1613 3105 tal,
1641 3051 1753 3114 §om
1796 3035 1923 3095 icke

384 3115 630 3189 Qviyor,
682 3116 766 3174 du
810 3115 1065 3189 bortfbrt
1104 3116 1241 3173 med
1279 3116 1389 3174 din
1430 3117 1540 3174 list
1577 3133 1702 3174 som
1733 3118 1878 3191 pili,
1922 3118 2006 3175 du

385 3198 666 3268 Lemmat,
712 3198 839 3261 han
882 3199 1116 3262 skrdmt
1156 3198 1261 3274 diy
1302 3231 1382 3241 --
1412 3200 1508 3271 pa
1549 3200 1651 3257 siti
1693 3200 1875 3272 koqer
1903 3200 2233 3273 plundrad

1033 3309 1038 3314 -
1096 3279 1229 3353 Loy
1273 3280 1418 3339 dock
1461 3278 1699 3370 Apollo,
1748 3280 1861 3325 —-’⁷
2037 3326 2045 3334 .

506 3429 651 3503 Oui
731 3430 914 3504 talia
991 3431 1461 3528 placuerunt,
1544 3432 1614 3506 01
1677 3439 1922 3516 11103111
1968 3457 2288 3530 operam

304 3530 795 3628 displicuisse
849 3556 1101 3604 nonne
1166 3530 1388 3605 facile
1442 3531 1603 3629 pati
1658 3531 1946 3607 debeo?
1998 3533 2291 3605 Tamen

303 3630 522 3703 locus
546 3631 934 3743 postulat,
989 3639 1073 3703 ut
1121 3650 1275 3704 uno
1331 3631 1667 3706 alterove
1723 3631 1994 3704 saltem
2035 3656 2292 3703 exem-

302 3729 435 3833 plo·
485 3728 644 3802 vim
700 3725 1097 3802 ostendam
1155 3741 1798 3868 argumentorum,
1856 3728 2129 3830 quibus
2169 3754 2290 3810 me
