2946 4583
639 374 771 434 XVI

556 557 755 630 stolae,
798 573 828 615 e
871 555 1077 631 quibus
1119 555 1440 630 argumenti
1481 554 1667 631 gratia
1707 572 1889 632 pauca
1930 555 2168 633 subjeci:
2219 553 2396 616 Sume
2440 552 2554 613 tibi

556 653 800 728 aliquid
825 653 1004 726 juris
1047 657 1218 727 apud
1254 673 1366 726 me,
1409 659 1717 729 tamquam
1759 656 1819 714 si
1880 656 2176 714 convictor
2216 655 2369 714 mihi
2399 655 2548 729 sne-

553 754 675 823 ris;
719 756 871 814 recte
911 754 1073 813 enim
1114 756 1170 813 et
1214 770 1339 812 non
1380 759 1590 815 temere
1643 755 1902 829 feceriS,
1953 756 2244 829 qnoniam
2283 754 2351 812 id
2389 768 2551 811 usus

554 852 705 910 mihi
746 856 936 912 tecum
994 869 1125 914 esse
1188 852 1375 924 volni,
1450 855 1510 911 si
1557 873 1681 928 per
1724 854 2130 914 valetudinem
2183 857 2354 911 taam
2401 849 2554 926 fieri

542 955 770 1025 posset.
855 952 932 1010 Et
972 969 1187 1010 rursus:
1240 951 1362 1010 Tui
1426 953 1668 1026 qualem
1733 953 1986 1013 habeam
2037 952 2406 1021 memoriam,
2435 967 2551 1022 po-

552 1051 698 1110 teris
740 1068 814 1112 ex
860 1048 1137 1124 Septimio
1180 1068 1412 1125 quoqne
1477 1055 1681 1109 nostro
1723 1054 1972 1124 audire,‘
2011 1069 2161 1111 nam
2200 1049 2436 1119 incidit,
2478 1046 2553 1106 ni

551 1150 660 1209 illo
702 1164 902 1206 coram
934 1149 1112 1221 fieret
1151 1167 1191 1208 a
1232 1167 1322 1209 me
1365 1151 1459 1208 tui
1496 1151 1733 1222 mentio,
1788 1169 1981 1225 neque
2024 1153 2185 1210 enim
2227 1149 2287 1207 si
2328 1153 2396 1206 ta
2442 1163 2554 1205 sn«

542 1248 776 1324 perbus
820 1248 1148 1306 amicitiam
1230 1253 1502 1307 nostram
1567 1251 1872 1323 sprevisti,
1956 1249 2087 1309 ideo
2149 1265 2263 1308 nos
2314 1262 2553 1322 qnoque

555 1339 1253 1430 ἄνθυπερηφανοῦμεν.
1371 1348 1677 1407 Praeterea
1743 1365 1908 1422 saepe
1993 1365 2120 1406 eum
2201 1347 2352 1406 inter
2405 1344 2551 1403 alios

546 1446 707 1520 jocos
737 1445 1193 1516 pravissimum
1255 1447 1504 1519 impune
1532 1444 1582 1520 1)
1647 1448 1707 1505 et
1748 1446 2200 1506 homuncionem
2243 1442 2548 1518 lepidissi-

551 1559 716 1600 mum
777 1543 1047 1616 appellat,
1113 1561 1335 1619 unaque
1400 1545 1460 1603 et
1524 1543 1705 1602 altera
1752 1545 2104 1604 liberalitate
2161 1542 2550 1618 locupletavit.

552 1641 775 1715 Scripta
817 1641 1038 1715 quidem
1093 1643 1214 1718 ejus
1257 1660 1433 1718 usque
1478 1645 1616 1702 adeo
1674 1643 1939 1717 probavit
1980 1659 2358 1716 mansuraque
2416 1657 2547 1714 per-

552 1742 724 1814 petua
767 1739 1027 1814 opinatus
1071 1742 1175 1813 est,
1242 1743 1307 1799 ut
1368 1759 1485 1800 non
1535 1743 1700 1800 modo
1745 1742 2009 1800 Seculare
2053 1759 2277 1800 carmen
2321 1755 2546 1812 compo·

551 1839 801 1897 nendum
864 1838 1199 1913 injunxerit,
1266 1841 1365 1899 sed
1429 1842 1488 1899 et
1551 1839 1907 1900 Vindelicam
1976 1840 2270 1899 victoriam
2334 1836 2548 1898 Tiberii

550 1937 848 2011 Drusique,
921 1936 1311 2011 privignorum
1376 1956 1633 2010 suorum,
1705 1956 1941 2013 eumque
2007 1939 2256 2012 coegerit
2316 1939 2552 2011 propter

552 2035 659 2096 hoc
683 2030 739 2110 2)
784 2036 968 2097 tribus
1011 2037 1321 2098 carminum
1382 2037 1548 2096 libris
1615 2055 1681 2096 ex
1724 2039 1897 2111 longo
1939 2037 2241 2097 intervallo
2284 2037 2548 2110 quartum

554 2135 786 2206 addere3
852 2136 980 2208 post
1043 2151 1331 2194 sermones
1395 2153 1526 2200 vero
1597 2138 1867 2210 quosdam
1937 2138 2115 2195 lectos
2175 2135 2394 2194 nullam
2455 2133 2548 2192 sui

553 2233 898 2297 mentionem
938 2232 1192 2293 habitam
1234 2234 1317 2293 ita
1380 2234 1455 2300 sit
1520 2237 1772 2309 questus:
1842 2234 2051 2298 Irasci
2097 2251 2187 2295 me
2228 2234 2338 2291 tibi
2377 2232 2543 2302 scito,

553 2332 714 2405 quod
754 2348 879 2393 non
919 2333 989 2389 in
1019 2333 1337 2410 plerisque
1380 2332 1677 2404 eiusmodi
1739 2335 1985 2409 scrisptis
2031 2350 2259 2395 mecum
2290 2331 2543 2407 potissi·

622 2511 665 2572 Ι)
703 2512 862 2562 Prae.
899 2514 1019 2578 imp.
1058 2515 1149 2571 (ε.-
1184 2513 1325 2563 einen
1360 2514 1716 2578 privilegirten,
1744 2514 1836 2563 mit
1870 2514 2039 2566 keiner
2074 2513 2236 2564 Strafe
2270 2511 2542 2560 bedrohten

557 2598 876 2657 Erzschelm).
947 2597 1026 2646 Sic
1063 2614 1119 2646 ex
1155 2596 1439 2659 conjectura
1475 2613 1597 2655 mee,
1630 2613 1750 2661 quae
1801 2597 1843 2645 ei
1879 2601 2015 2645 extra
2052 2611 2246 2644 omnem
2283 2594 2549 2643 dubitatio-

560 2697 671 2730 nem
707 2680 868 2744 posita
903 2696 1000 2728 non
1038 2685 1126 2738 est,
1163 2684 1328 2729 tamen
1362 2679 1508 2741 longe
1558 2684 1759 2742 superat
1795 2678 2129 2741 conjecturam
2165 2676 2377 2727 Murotiz
2411 2674 2551 2740 ”pu-

557 2762 817 2811 rissimum
848 2761 1085 2827 penem”,
1143 2779 1267 2826 quae
1316 2761 1468 2812 lectio
1522 2777 1680 2824 neque
1735 2761 1851 2825 quid
1904 2761 1997 2810 sibi
2051 2760 2185 2817 velit,
2238 2760 2382 2810 facile
2419 2756 2551 2821 quis·

558 2862 705 2910 quam
742 2845 935 2902 dixerit,
973 2861 1131 2908 neque
1168 2843 1412 2908 quomodo
1449 2843 1679 2905 dignitati
1715 2848 1801 2892 aut
1835 2842 2046 2905 Augusti
2083 2847 2169 2890 aut
2204 2841 2401 2891 Horatii
2438 2856 2552 2890 con-

555 2928 735 2977 veniat.
807 2928 864 2974 In
902 2926 1148 2974 codicibus
1203 2942 1298 2975 non
1353 2941 1599 2992 «peneum,
1652 2926 1735 2974 sed
1790 2940 2007 2990 «paenea
2046 2929 2131 2973 aut
2175 2938 2427 2987 «poenaen
2464 2925 2552 2974 aut

553 3024 736 3075 «penes
774 3025 877 3057 esse
914 3008 1109 3057 dicitur.

621 3108 744 3168 ²)1.
782 3125 822 3156 e.
876 3114 935 3154 ut
982 3103 1126 3154 locus
1185 3104 1401 3154 daretur
1452 3108 1512 3155 ad
1567 3124 1622 3156 ea
1673 3109 1778 3172 ipsa
1831 3107 2046 3155 carmina
2101 3104 2300 3162 edenda,
2347 3120 2469 3167 quae
2505 3103 2549 3151 ei

556 3189 893 3255 componenda
928 3193 1182 3252 Augustus
1217 3206 1326 3238 sero
1380 3190 1683 3254 injunxeram
1718 3192 1770 3240 in
1807 3190 1982 3255 quibus
2035 3204 2187 3252 quum
2231 3187 2460 3237 Seculare
2493 3185 2553 3233 il-

555 3274 642 3324 lud
677 3273 845 3329 fuerit,
883 3276 1075 3319 constat
1105 3271 1208 3334 jam
1246 3271 1303 3319 de
1339 3272 1452 3321 sede
1487 3273 1635 3336 hujus
1681 3272 1908 3322 carminis
1952 3286 2067 3319 vere
2101 3270 2390 3319 Horatiana.
2460 3270 2553 3317 Ce-

558 3364 719 3407 terum
757 3370 845 3420 per
881 3370 933 3402 se
985 3358 1122 3417 patet
1175 3354 1403 3416 «longum
1448 3356 1808 3414 intervallum«,
1862 3355 1921 3402 de
1975 3370 2070 3417 quo
2121 3353 2343 3417 loquitur
2377 3353 2551 3401 Sueto·

559 3441 685 3496 niue,
722 3454 818 3486 non
855 3436 915 3484 ad
952 3441 1145 3500 tempus
1181 3435 1493 3500 scriptorum
1525 3438 1782 3496 librorum,
1828 3442 1885 3487 ut
1936 3452 2193 3502 perperam
2229 3437 2332 3484 fere
2366 3435 2438 3492 fit,
2473 3449 2551 3481 re-

560 3523 679 3573 ferri
717 3527 960 3585 oportere,
997 3519 1080 3567 sed
1117 3519 1174 3568 ad
1213 3523 1405 3582 tempus
1443 3517 1720 3580 editorum3
1761 3537 1882 3585 quae
1912 3525 2135 3584 tempora
2160 3522 2363 3583 propter
2392 3518 2551 3567 Hora-

561 3605 750 3654 tianum
805 3601 923 3650 illud
980 3615 1200 3647 «nonum
1242 3606 1511 3665 prematur
1563 3602 1617 3650 in
1671 3617 1893 3650 annum«
1946 3604 2064 3652 satie
2117 3602 2246 3650 inter
2281 3616 2332 3649 se
2368 3599 2550 3649 distare

527 3731 530 3732 γ
562 3690 846 3756 potuerunt.
